2918 4914
185 216 240 265 οι
268 243 385 249 ψῃ
400 244 622 251 ψ--ι-
718 272 720 277 4

262 365 375 438 1178*
401 385 518 436 annor.
530 387 571 434 an
584 386 656 435 nor.
667 385 901 434 occeanum.
919 382 1032 433 ceram·
1042 382 1255 437 consumans.

263 582 351 647 6582
364 601 429 664 sqq.
441 589 510 664 etp.
524 583 609 648 149⁴.
623 600 689 663 sqq.
709 583 883 646 accuratius
903 583 1094 662 expositum,
1117 588 1149 646 et
1168 601 1198 664 p.
1216 579 1302 646 145⁸.
1319 601 1360 645 ex
1417 647 1418 658 2

259 693 402 768 Hierocle
423 694 663 756 demonstratum
685 698 743 771 est,
768 692 951 756 Pannoniam
969 692 1141 756 Secundam
1156 709 1173 753 a
1187 693 1359 756 lustiniano
1416 707 1418 762 ἰ

257 801 472 883 praesidialem
494 801 684 883 provinciam
709 801 819 864 iactam
843 820 922 865 csse.
956 801 1058 883 itaque
1081 819 1147 863 cum
1168 801 1358 865 Wessebad
1416 796 1418 844 J

258 910 394 975 ureroo.
410 911 431 973 1.
447 910 601 974 aunum
623 911 709 975 nom.
722 928 769 991 ap.
784 910 1141 992 nernesunrapmaa.
1155 909 1357 985 (nonium.
1416 892 1418 960 ἵ

256 1037 285 1100 p.
297 1019 379 1099 186,
401 1019 965 1102 Moratum,2.)nv1nnop›macol
982 1044 1115 1084 ravurno
1135 1023 1141 1104 Ι
1160 1043 1189 1083 v.
1208 1044 1236 1083 c.
1260 1044 1358 1084 enan·
1416 1019 1417 1022 '

256 1129 324 1202 arnul
340 1154 429 1194 nanu.
443 1154 509 1194 rea.
526 1153 596 1192 ann.
611 1128 698 1191 uvrl
716 1133 721 1211 Ι
741 1154 931 1192 caerennrva.
945 1154 1099 1193 auanrrvs
1117 1132 1123 1215 Ι
1143 1136 1172 1193 ei
1183 1149 1210 1192 c.
1222 1130 1261 1192 ud
1275 1130 1359 1193 Pan-

256 1240 381 1303 noniam
402 1240 531 1304 Primam
556 1239 722 1319 trahimus,
746 1239 794 1302 cui
817 1240 967 1302 Munatius
991 1239 1047 1302 sub
1069 1240 1265 1302 Diocletiano
1286 1241 1358 1304 bla-
1416 1232 1417 1242 ’

255 1350 451 1431 ximianoque
472 1349 624 1430 praefuit,
646 1356 678 1411 ut
708 1370 746 1413 ex
770 1349 802 1411 L.
822 1352 849 1414 1.
866 1349 968 1413 Herm.
988 1350 1063 1412 Cod.
1078 1350 1116 1412 de
1137 1349 1243 1431 depos.
1262 1349 1357 1432 Xlll,
1417 1366 1422 1389 ·

255 1458 377 1522 lieines.
387 1477 415 1539 p.
426 1458 497 1523 433.
509 1459 708 1539 demonstrat,
726 1460 777 1541 qui
792 1460 882 1522 etiam
898 1461 931 1523 L.
946 1461 993 1522 19.
1003 1460 1034 1522 C.
1046 1461 1083 1523 ad
1097 1460 1130 1522 L.
1139 1459 1211 1524 Fab.
1220 1460 1259 1524 dc
1272 1459 1356 1545 plag.

257 1568 309 1633 lX.
325 1568 376 1631 20.
389 1568 536 1648 adhibuit,
561 1588 641 1650 quae
662 1576 763 1633 tamen
786 1568 957 1650 ,blutian0“
987 1571 1020 1632 in
1042 1569 1182 1635 omnibus
1207 1588 1286 1652 quae
1306 1571 1359 1633 in-

255 1678 352 1759 spexi,
376 1678 523 1759 exemplis
546 1678 733 1759 inscribitur,
757 1696 819 1741 non
837 1680 1016 1759 ,Munatio“.
1049 1679 1156 1743 Eidem
1179 1679 1358 1743 Pannoniae

256 1788 413 1869 Superiori
439 1806 475 1850 se
503 1787 657 1869 quondam
688 1790 878 1871 praelectum
906 1789 1003 1852 luisse
1031 1789 1089 1852 Dio
1115 1790 1200 1852 Cass.
1220 1788 1356 1870 ponet

255 1903 386 1961 transor.
401 1898 524 1961 rettulit.
546 1899 695 1973 Quattuor
707 1904 832 1978 tantum,
847 1898 1109 1980 quosPancirolus
1120 1897 1355 1975 atlanteomm.

255 2008 293 2072 ad
306 2009 375 2072 Not.
390 2009 465 2073 0cc.
481 2028 507 2070 c.
520 2007 643 2088 LXlll.)
665 2008 933 2089 Gothoiredusque
943 2010 1028 2088 (Not.
1040 2008 1151 2092 Dignn.
1160 2008 1213 2071 Tb.
1226 2008 1260 2071 C.
1270 2009 1356 2090 poa.

254 2135 299 2199 sq.
312 2116 360 2181 ed.
374 2118 473 2198 Lips.)
487 2125 758 2196 enumeraverunt,
786 2118 972 2182 Consulares
994 2117 1169 2181 Pannoniae
1193 2118 1357 2183 Secundae
1414 2165 1416 2175 ,

254 2233 439 2291 memoratos
459 2228 582 2308 repperi
606 2226 717 2290 hosce:
1412 2207 1415 2277 f

341 2340 374 2415 1)
386 2338 550 2418 Elpidium,
572 2335 806 2418 al.Helpidium,
827 2337 864 2399 ad
880 2353 968 2416 quem
982 2337 1178 2401 Constantius
1190 2338 1228 2400 A.
1240 2356 1268 2399 a.
1277 2336 1355 2401 352.
1412 2357 1413 2432 ἐ

253 2447 354 2512 Sirmii
368 2447 452 2511 dedit
461 2447 530 2511 bo.
542 2446 596 2509 Tb.
608 2447 640 2511 G.
655 2446 694 2509 de
704 2446 859 2511 veteranis
870 2446 933 2509 Vll.
948 2446 993 2510 De
1005 2464 1055 2525 eo,
1066 2446 1250 2525 Christiano,
1264 2445 1355 2528 plura

254 2556 461 2622 Gotboiredus
482 2558 513 2621 in
536 2557 785 2640 prosopogr.Tb.
800 2557 833 2621 G.
847 2576 876 2620 v.
891 2555 1049 2637 Helpa'diua
1069 2556 1126 2621 sub
1149 2557 1352 2621 Constantino
1409 2619 1410 2627 ,

254 2664 532 2747 [taquamquam]
555 2666 626 2745 imp.

253 2958 340 3006 munau
359 2953 442 3007 taleae
463 2969 540 3007 nemo
559 2955 670 3008 dubitat.
693 2958 794 3027 [immo,
814 2957 935 3010 vicariue
951 2957 1044 3012 ltaliae
1057 2959 1145 3027 ,apud
1157 2959 1294 3013 eamdam
1309 2960 1352 3015 le·

252 3051 324 3122 gitur
342 3051 509 3119 cap.l.19.b‚
530 3059 557 3104 et
575 3053 631 3105 aola
650 3052 769 3106 codicum
789 3069 850 3106 mae.
866 3057 910 3124 qui
929 3055 1005 3107 nobie
1024 3063 1174 3123 anperaunt,
1194 3055 1264 3108 mala
1284 3072 1351 3110 cou-
1402 3065 1403 3070 ’

252 3147 323 3201 dicio
341 3148 415 3216 lacit,
435 3156 464 3201 ut
483 3164 540 3217 cap.
555 3151 615 3203 aaa.
629 3149 699 3219 quod
718 3152 744 3202 in
764 3150 885 3220 exemplo
907 3167 967 3204 meo
984 3153 1098 3218 restitui,
1117 3154 1143 3204 in
1162 3152 1274 3222 reliquia
1291 3154 1351 3207 edi.
1401 3213 1402 3227 χ

255 3246 289 3298 tie
308 3245 399 3318 desit]
419 3247 557 3299 Rationem
576 3245 648 3299 illiue
668 3249 818 3300 omissionis
838 3250 860 3300 ei
872 3265 993 3318 quaeras,
1007 3249 1074 3302 baec
1094 3264 1152 3302 eene
1170 3257 1268 3318 potest,
1280 3250 1351 3321 quod
1401 3252 1402 3301 l

251 3341 387 3410 lllyricum
405 3351 534 3412 tempore,
552 3343 714 3413 quollotitia
733 3346 802 3398 iacta
820 3352 869 3410 eet,
889 3346 922 3398 ab
942 3346 1042 3398 llunnie
1061 3354 1251 3414 occuparetur:
1271 3347 1350 3401 ideo-

252 3455 304 3509 que
325 3440 391 3492 illuc
410 3442 506 3494 llicarii
528 3442 596 3492 mitti
617 3441 730 3494 desiere.
775 3442 850 3506 Quod
875 3451 961 3495 autera
986 3444 1018 3495 ab
1038 3433 1139 3496 llucnia
1162 3453 1348 3513 occuparetur,

252 3535 344 3589 videre
364 3544 404 3589 eat
422 3538 491 3604 apud
511 3536 619 3589 Paulum
639 3538 782 3591 Diaconum
804 3539 850 3591 lib.
865 3544 904 3592 14.
917 3541 999 3592 llist.“
1010 3548 1036 3592 et
1047 3557 1067 3592 r.
1104 3540 1176 3593 lt'ibil
1195 3542 1350 3612 incogitan-

253 3635 304 3685 tiua
325 3648 385 3686 aeae
405 3647 484 3701 poeee
503 3634 597 3685 iterum
616 3635 763 3704 iterumque
783 3635 853 3701 dico,
873 3651 949 3705 quarn
969 3637 1001 3689 ab
1021 3635 1121 3688 Hunnie
1144 3636 1280 3704 illyricum
1300 3652 1350 3691 oc-
1401 3687 1402 3690 ,

253 3729 385 3782 cidentale
406 3744 439 3783 eo
457 3731 516 3798 ipeo
535 3738 653 3799 tempora
674 3739 829 3800 occupatum
849 3732 959 3803 lingere,
978 3748 1030 3803 quo
1049 3749 1109 3787 curn
1129 3741 1239 3787 tractam
1257 3737 1349 3789 incre-

252 3827 326 3879 dibili
347 3829 535 3896 praesidiorum
557 3829 732 3899 claeeiumque
752 3831 827 3897 copia
840 3830 970 3882 Romanoa
983 3830 1121 3883 defensum
1140 3833 1259 3884 tenuisse
1273 3834 1350 3886 eiua-

251 3921 310 3974 dem
321 3923 436 3977 Notitiae
455 3940 529 3993 capp.
537 3925 638 3978 xxxii.
648 3941 705 3994 aqq.
715 3925 759 3977 vel
771 3942 878 3978 caecum
890 3927 1027 3994 adspicere
1037 3928 1137 3980 iubent.
1156 3927 1271 3995 Bipedea
1282 3930 1349 3981 iatae

251 4017 362 4084 bestiae,
381 4020 424 4071 vel
444 4021 535 4089 quales
555 4021 581 4072 in
594 4021 830 4091 commarginandis
851 4023 974 4089 pontibus
994 4023 1107 4093 elligiati
1126 4024 1231 4092 etipitee
1251 4023 1349 4076 dolan-

252 4122 295 4167 tur
315 4117 459 4183 incompte,
479 4133 543 4187 quae
562 4118 703 4170 blanditias
722 4120 985 4174 Ammianllllllm.
998 4120 1030 4172 ad
1048 4121 1157 4173 llunnoa
1174 4120 1348 4174 delineanda·

251 4212 381 4279 adhibuit,
400 4228 432 4265 eo
452 4222 570 4282 tempore
590 4232 641 4285 quc
662 4215 729 4268 baec
747 4215 847 4268 dictitia
868 4216 937 4270 lacta
956 4225 1009 4283 eat,
1027 4218 1096 4270 ultra
1109 4217 1220 4287 paludes
1233 4218 1348 4274 uaecu-

252 4325 296 4363 caa
315 4309 456 4379 glacialem
477 4326 605 4364 oceanum
624 4312 788 4365 accolebant.
