2918 4914
181 260 184 265 “
205 259 238 304 4

255 400 371 474 1188*
390 416 557 472 insontia
569 422 881 471 sonoccmexsn.
898 420 1028 471 mesre
1041 394 1228 472 carmine.

259 639 327 684 cum
349 622 471 685 tributis
495 619 635 686 videitur
662 622 866 685 exsolvere*.
911 622 1116 685 Decessorum
1140 624 1222 686 bona
1245 642 1356 687 exem·
1409 656 1410 690 z

185 718 188 800 J
252 732 303 812 pla
326 750 475 813 sequere3
497 753 514 796 a
539 735 718 796 vitiosorum
745 739 774 796 le
800 733 968 796 imitatione
990 733 1151 817 disiunge3
1178 750 1241 796 non
1262 741 1353 816 pute-

186 854 188 926 ξ
253 847 303 904 tur
323 844 422 905 omnis
445 844 637 907 consuetudo
660 843 848 925 probabilis:
871 849 990 906 cautum
1016 843 1107 906 debet
1129 844 1275 923 reddere,
1288 861 1352 907 non

187 938 188 943 ἵ
254 968 419 1033 sequacem
444 970 533 1016 error
554 955 693 1032 alienus3
716 953 818 1034 prodit
840 954 986 1016 stultitiae
1006 954 1122 1035 cuipam
1142 955 1194 1034 qni
1214 954 1354 1035 sequitur
1403 1014 1404 1021 ,

187 1034 189 1079 ³
251 1069 440 1125 accusatum.
471 1064 527 1127 sed
551 1063 625 1126 illud
649 1064 757 1128 melius
781 1063 925 1146 eligitur,
948 1064 1031 1126 unde
1053 1064 1261 1143 praesidentis
1283 1065 1352 1146 opi·
1402 1094 1404 1121 l

186 1149 188 1188 i
250 1173 305 1235 nio
329 1173 395 1236 sub.
408 1173 672 1237 administratione
695 1174 845 1237 laudatur.
873 1174 1003 1254 Respice
1025 1175 1145 1254 quantis
1164 1175 1204 1236 sit
1221 1176 1351 1255 provin-
1402 1188 1403 1248 1

252 1283 299 1345 eia
322 1283 412 1363 plena
436 1283 612 1345 nobilibus:
632 1283 727 1346 babes
750 1285 801 1364 qni
826 1289 858 1345 et
879 1284 958 1347 bene
981 1284 1063 1364 loqui
1087 1284 1127 1346 de
1151 1284 1194 1346 'Pe
1218 1284 1351 1347 debeant
1401 1283 1403 1370 ξ

251 1399 282 1455 et
303 1393 458 1477 derogare
481 1400 677 1473 praesumant
685 1413 694 1469 ;
716 1395 786 1474 quia
810 1394 891 1456 nulla
911 1399 1047 1473 potestas
1071 1400 1118 1456 est
1142 1411 1221 1474 quae
1250 1393 1352 1474 quali-
1401 1382 1403 1391 ‘

187 1573 188 1581 ,
251 1508 342 1565 tatem
366 1503 465 1566 lamae
486 1521 561 1565 suae
589 1504 627 1565 de
649 1521 704 1565 ore
727 1503 881 1564 bominum
905 1502 1002 1583 possit
1025 1504 1158 1580 auterre,
1181 1509 1351 1585 contraque

186 1620 188 1694 ξ
250 1611 370 1675 tructus
391 1617 438 1674 est
460 1613 607 1692 opinione
628 1612 830 1692 praedicabili
853 1630 907 1692 per
934 1611 1070 1674 contines
1093 1612 1140 1674 ire
1161 1612 1350 1693 provincias,
1401 1590 1403 1607 i

186 1700 188 1764 i
251 1727 281 1783 et
302 1722 344 1784 ibi
368 1723 509 1784 invenire
529 1723 722 1786 verissimam
737 1723 870 1801 laudem,
893 1722 944 1784 nbi
961 1739 1021 1783 non
1039 1722 1171 1802 imperas
1186 1728 1349 1803 potestate.

185 1871 187 1879 ‹
249 1831 384 1913 Additur
406 1833 486 1912 quod
517 1834 768 1896 irremuneratum
793 1851 855 1895 non
886 1833 1106 1913 relinquimus,
1133 1833 1160 1894 si
1184 1833 1226 1895 Te
1247 1833 1351 1915 egisse
1402 1828 1403 1836 '

185 1964 187 2009 1
249 1941 451 2023 probabiliter
473 1941 641 2006 audiamus.
686 1945 786 2006 llorre
806 1944 910 2005 vitium
930 1948 960 2005 el
981 1942 1128 2022 principis
1149 1943 1281 2005 mereris
1302 1944 1352 2007 nl·
1403 1984 1404 1997 2

185 2044 188 2079 ²
252 2052 375 2115 lectum.
400 2052 587 2115 voluntatem
611 2054 729 2135 regiam
751 2053 780 2114 in
805 2053 925 2135 legibus
949 2051 1062 2129 babes;
1084 2048 1144 2114 illis
1161 2051 1350 2133 obtempera,
1403 2075 1404 2128 l

186 2160 187 2171 ³
249 2167 281 2223 ct
300 2161 411 2224 Nostra
436 2163 640 2246 cognosceris
663 2163 791 2242 implere
813 2162 982 2225 mandata“.

336 2272 426 2346 Quod
449 2270 618 2335 Dalmatiae
641 2272 815 2336 Praesidem
839 2270 917 2335 haeo
940 2270 1052 2335 Nolitia
1075 2270 1204 2351 exempli
1228 2289 1350 2350 caussa,

249 2381 289 2446 ad
312 2384 399 2445 cuins
421 2383 517 2445 instar
545 2383 640 2444 ceteri
662 2400 782 2463 quoque
804 2381 964 2443 Praesides
990 2381 1158 2454 haberent,
1180 2382 1351 2462 proposuit,

249 2492 338 2574 plane
362 2493 517 2554 contraria
539 2493 670 2570 ratione,
692 2499 782 2573 atque
804 2508 892 2572 quam
906 2480 1083 2552 Pancirolus
1106 2489 1213 2569 edidit,
1234 2490 1348 2554 lactum
1403 2502 1404 2515 ¹

250 2618 321 2663 esse
345 2602 509 2664 contendo.
535 2600 587 2664 ille
607 2602 654 2664 sio
678 2603 827 2682 disputat:
843 2601 963 2680 ,Credo
986 2604 1086 2663 aulem
1108 2601 1242 2681 insignia
1256 2601 1353 2665 Prae·
1403 2675 1404 2685 χ

250 2709 349 2773 sidum
373 2694 583 2772 a'Dalmatiae
606 2711 749 2789 praeside
771 2711 906 2788 desumi,
932 2710 1001 2790 quia
1030 2710 1057 2771 is
1087 2712 1135 2772 est
1156 2710 1352 2789 perfectissi-
1403 2692 1404 2765 i

249 2835 316 2880 mus
339 2823 369 2879 et
399 2817 577 2881 clarissimis
609 2820 748 2882 interior.
800 2821 833 2883 Si
862 2836 937 2904 ergo
968 2819 1185 2883 correctorum
1216 2820 1351 2902 insignia

249 2933 361 3012 gerunt
377 2928 604 3008 perfectissimi,
619 2930 718 3014 magis
734 2928 785 2992 alii
799 2929 959 3004 Praesides
974 2929 1143 2993 Clarissimi
1157 2929 1351 3011 gestabant&
1403 2913 1405 2968 l

248 3039 317 3123 ligo
333 3044 438 3101 contra
449 3060 457 3100 ε
470 3038 550 3100 inter
573 3054 663 3119 pares
681 3038 829 3120 dignitate
842 3044 1053 3120 potestateque
1068 3039 1228 3102 Praesides
1242 3056 1352 3103 omnes

250 3149 381 3230 primum
405 3147 506 3211 locum
529 3149 687 3212 obtinebat
707 3150 874 3214 llalmatiao
896 3150 1023 3212 Praeses
1046 3166 1175 3230 eamque
1197 3149 1237 3211 ob
1261 3167 1352 3214 caus
1404 3151 1406 3173 ³

250 3276 316 3322 sam
339 3258 420 3321 bunc
439 3274 530 3321 unum
554 3260 731 3322 nominatim
755 3267 918 3340 percenset
945 3260 1067 3324 Notitia.
1120 3260 1234 3322 Contra
1263 3262 1354 3323 uete-
1405 3269 1407 3340 ζ

250 3386 315 3432 rem
338 3369 510 3450 iustumque
532 3387 659 3447 morem,
682 3386 771 3449 quem
796 3388 852 3451 per
874 3377 964 3433 totam
979 3370 1122 3433 Notitiam
1146 3374 1178 3432 ut
1196 3369 1234 3433 ab
1257 3369 1353 3433 altio·
1406 3447 1407 3455 ἵ

247 3478 334 3541 ribus
357 3479 395 3541 ad
419 3476 584 3541 interiores
607 3480 786 3558 descendat,
807 3480 906 3560 quoad
928 3480 992 3542 fieri
1013 3481 1120 3560 potuit,
1143 3497 1243 3560 neque
1258 3481 1352 3544 totius
1407 3477 1408 3523 t

250 3588 355 3669 operis
378 3588 416 3650 ab
437 3588 555 3651 oriente
579 3603 687 3652 versus
711 3590 903 3653 occidentem
926 3606 1111 3670 progressus
1130 3589 1352 3670 impedimento

251 3696 324 3775 ibit,
358 3697 553 3759 observatum
588 3698 865 3777 deprehendimus,
897 3697 1140 3762 Pancirolianam
1172 3698 1353 3778 opinionem
1407 3690 1409 3760 ἶ,

250 3822 388 3888 pugnare
421 3811 512 3887 patet.
546 3807 601 3871 sed
632 3825 733 3889 neque
764 3809 795 3872 id
826 3809 969 3889 quidem,
994 3809 1074 3888 quod
1107 3808 1353 3888 perfectissimus
1409 3885 1410 3888 Ἴ

253 3972 548 3986 -—--—-—-—.-

353 4067 383 4134 *)
402 4067 513 4119 Avidius
529 4068 635 4120 Cassius
656 4070 681 4119 in
702 4070 777 4136 epist.
789 4070 820 4121 ad
840 4086 967 4140 generum
987 4084 1062 4119 suum
1082 4066 1354 4137 (apttutcnatttcdn
1411 4062 1414 4067 ’

253 4165 309 4217 eine
327 4166 374 4215 uit.
389 4167 406 4216 ἰ.
418 4164 451 4235 l.)
463 4163 535 4234 ,Ego
553 4180 618 4216 vero
638 4166 694 4217 istis
714 4166 876 4232 praesidibus
891 4166 1096 4233 provinciarum!
1118 4180 1150 4216 an
1167 4179 1219 4234 ego
1235 4180 1354 4231 procon-
1409 4172 1410 4206 ³

251 4259 340 4325 eules,
360 4274 392 4311 an
414 4273 465 4329 ego
483 4260 618 4327 praesides
638 4269 741 4329 putem,
762 4264 806 4330 qui
826 4262 860 4314 ob
881 4262 932 4315 boc
952 4261 1002 4314 sibl
1022 4278 1037 4314 a
1055 4266 1149 4313 senatu
1168 4264 1195 4312 el
1215 4260 1248 4312 eb
1266 4260 1354 4313 Anto.

253 4359 316 4409 nlno
336 4358 486 4424 provincias
504 4358 577 4409 datm
596 4358 715 4424 credunt,
735 4364 763 4409 ut
783 4359 958 4424 luxurientur,
978 4366 1005 4411 nt
1024 4359 1121 4411 divites
1140 4358 1241 4411 uentre
