2918 4914
208 372 299 447 598*
310 395 510 444 tarmonem
520 395 752 448 caecamur.
764 393 1300 449 conunecnrcomcnamrzarn.

208 597 279 660 Setz
300 616 324 659 s.
346 597 427 660 Setta
451 598 664 679 praefecturae
692 599 858 662 ercnanae
882 598 1040 661 inferioris
1066 598 1224 662 conditum
1248 605 1297 678 ast,

205 707 397 788 praefectura
420 708 546 770 militum
567 708 746 771 Pacensium
767 709 823 771 sub
846 708 1049 789 dispositione
1069 709 1298 791 Mogontiacerr-

205 819 249 881 sis
264 818 357 880 Ducis
381 819 446 881 fuit.
483 819 585 900 itaque
606 820 847 900 septentrionem
869 838 978 883 versus
1000 820 1127 883 Tractus
1143 820 1296 901 Argento-

205 929 337 992 ratensis
360 947 424 992 non
443 931 522 992 ultra
545 931 643 993 rtrum
666 918 847 994 Soaerb'octr
862 949 887 992 s.
904 928 1055 1008 Sorbocb,
1079 930 1130 1010 qui
1154 929 1234 993 infra
1255 929 1296 993 ri·

207 1057 274 1103 curn
297 1039 462 1119 Beinber'm,
487 1040 588 1123 pantio
612 1059 704 1121 supra
728 1040 797 1104 Scis
817 1041 925 1104 Rheno
948 1058 1020 1103 sese
1044 1040 1170 1119 miscet,
1197 1046 1295 1105 exten-

141 1185 143 1189 *
203 1151 348 1228 debatur3
384 1153 593 1214 Rauracorum
629 1159 728 1215 autem
763 1171 800 1214 ac
833 1151 1052 1214 Triboccorum
1085 1151 1294 1234 Nemetumquo

140 1253 144 1270 ⁴
202 1260 297 1340 fmes,
320 1279 381 1323 non
404 1260 568 1324 multuma
596 1262 707 1325 finibus
729 1262 947 1325 hodiernorum
975 1261 1145 1342 superioris
1173 1261 1293 1327 inferio-

201 1373 305 1453 risque
330 1371 543 1435 ftbenanarum
574 1373 836 1453 praefecturarum
859 1371 1162 1455 francogallicarum
1192 1372 1292 1435 finibus

37 1530 45 1544 .
140 1510 145 1546 r
203 1480 329 1558 diversi,
355 1479 514 1544 meridiem
535 1501 644 1544 versus
668 1482 749 1544 ilium
763 1482 903 1545 ‘fractum
920 1481 1134 1560 terminabant,
1160 1498 1293 1563 quemer

77 1565 83 1576 ⁴
201 1609 261 1653 una
283 1596 370 1671 parte
393 1591 536 1670 itbenus,
562 1610 601 1654 ex
630 1590 725 1655 attera
753 1598 872 1656 montes
897 1612 915 1655 e
936 1592 1062 1674 Vogeso
1091 1598 1291 1670 excurrentes,

203 1700 254 1762 ubi
276 1699 496 1763 Triboccorum
528 1720 606 1784 gens
634 1702 762 1765 sedebat
790 1703 1132 1788 (cf.Zeuss.p.291·.),
1162 1703 1188 1765 si
1218 1707 1292 1767 recte
1320 1714 1325 1720 '

202 1809 314 1888 rideo,
339 1810 522 1874 clauserunt.
572 1820 575 1827 '

248 1918 252 1940 ¹
284 1958 324 1966 -
344 1922 390 1996 ,iia
416 1923 444 1984 7.
469 1931 551 2004 som]
588 1924 632 1985 Cf.
655 1923 693 1985 ad
721 1924 777 1986 bos
800 1940 909 1986 versus
940 1941 957 1984 a
991 1941 1040 1985 me
1074 1920 1197 1985 additos
1225 1939 1292 2004 quae

123 2048 127 2058 ·
202 2035 284 2109 ante,
309 2030 509 2114 pertaeso,
534 2032 573 2095 de
598 2033 708 2097 Officio
732 2034 857 2097 Comitis
880 2033 986 2096 ltaliae
1009 2031 1237 2114 disputavimus.

351 2241 397 2294 DE
416 2235 594 2298 cubitibus
613 2244 670 2297 REI
688 2245 852 2298 tttbttatus
872 2243 938 2296 PER
956 2242 1149 2296 Guuusutas

200 2373 300 2453 paullo
325 2380 394 2438 ante
423 2375 536 2439 dictum
565 2385 620 2439 est.
664 2378 752 2439 buius
780 2378 912 2440 Notitiae
943 2375 1136 2456 conscriptae
1165 2380 1295 2455 tempore

199 2484 272 2546 nulli
296 2484 530 2565 superfuerunt,
565 2505 633 2549 curn
663 2506 718 2568 per
740 2488 935 2567 Superiorem
968 2486 1163 2550 Germaniam
1190 2484 1295 2548 Comes

200 2598 475 2678 Argentoratensis
499 2616 535 2660 ac
558 2599 659 2663 Duces
680 2598 944 2680 bfoguntiacensis
968 2597 1212 2677 Germaniaeque
1233 2595 1296 2659 Pri-

199 2726 266 2770 mae
288 2707 413 2771 Limites
435 2715 609 2786 tuerentur3
630 2711 793 2773 Germania
817 2709 958 2774 Secunda
980 2727 1066 2788 vero,
1090 2709 1176 2770 cuius
1200 2724 1297 2789 neque

198 2817 345 2881 Comitem
376 2836 476 2900 neque
499 2820 615 2882 Ducem
637 2820 716 2883 baec
743 2820 855 2883 Notitia
884 2826 1045 2897 recenset,
1072 2837 1180 2882 versus
1212 2817 1297 2881 occi-

197 2906 319 2990 dentem
349 2947 386 2990 ao
416 2930 657 3009 septentrionem
687 2929 823 2992 Ducibus
854 2930 1001 3013 Belgicae
1030 2928 1192 2994 Secundae
1220 2928 1297 2992 'fra-

197 3043 327 3118 ctusque
349 3039 545 3102 Armoricani
568 3058 606 3102 ac
625 3038 792 3103 Nervicani
816 3039 1045 3117 defenderetur,
1068 3040 1134 3120 ipsa
1159 3039 1217 3102 sub
1232 3038 1298 3103 bia·

194 3148 300 3232 gistris
322 3149 449 3212 Militum
472 3149 733 3230 praesentalibus,
751 3150 887 3214 Treviris
910 3169 949 3214 ex
970 3168 1058 3213 more
1078 3148 1295 3229 residentibus,

196 3261 360 3329 conserua
385 3238 675 3340 petaurista,
698 3269 728 3338 s.
741 3261 776 3324 u.
795 3261 829 3324 a.
850 3266 881 3323 et
901 3260 1041 3341 capra.
1059 3260 1150 3338 §.ru
1168 3260 1296 3340 r.11.],

195 3387 293 3451 neque
324 3376 424 3432 tamen
449 3375 557 3432 contra
580 3370 768 3432 Francorum
797 3370 992 3433 incursiones
1014 3371 1088 3433 satis
1118 3375 1191 3432 tuta.
1228 3387 1297 3432 nam

75 3492 77 3503 ·
196 3497 373 3542 caussarum
397 3498 415 3541 a
439 3478 600 3542 l‘anciroto
621 3480 706 3556 (Not,
720 3480 795 3543 Oce.
809 3479 1013 3542 commentar.
1026 3497 1091 3561 cap.
1101 3479 1170 3559 88.)
1187 3479 1298 3543 allata-

194 3606 260 3651 rum
283 3594 421 3652 ncutmm
445 3608 549 3652 reram
573 3607 643 3653 esse
663 3593 805 3670 apparet:
831 3590 977 3652 omissum
999 3608 1069 3653 csse
1085 3590 1203 3652 Ducem
1219 3589 1299 3652 Ger-

197 3699 317 3763 maniae
340 3699 501 3762 Secundae
520 3701 661 3780 opinatus
681 3704 739 3777 est,
764 3699 832 3777 ,rei
856 3703 937 3781 quod
959 3718 1037 3778 unprs
1052 3700 1119 3762 Dux
1138 3706 1299 3782 utramque

186 3798 394 3885 ⁴Germaniam
412 3809 489 3872 tueri
521 3811 592 3872 otim
622 3810 655 3886 [i.
678 3828 705 3871 e.
723 3809 813 3879 buius
836 3810 931 3890 ipsius
952 3810 1085 3873 Notitiae
1107 3810 1299 3892 compositae

194 3927 346 4000 ternpore]
370 3920 593 3997 consuevisset,
620 3920 668 3982 rel
692 3920 773 4001 quod
790 3926 853 3984 tota
875 3939 911 3983 ea
933 3920 1092 4001 provincia
1117 3920 1298 3997 [Germania

195 4031 279 4113 fl.]n
301 4029 446 4094 barbaris
469 4029 685 4094 ‹tetineretur“.

416 4189 460 4242 ltu·
481 4189 558 4243 rtuu
578 4190 771 4245 spaciatum
793 4189 915 4244 GObfle
935 4188 1079 4244 tutrtuct

196 4335 234 4402 ad
248 4337 354 4421 ΜΨ.
373 4337 418 4416 ti.
435 4339 483 4403 td.
497 4354 544 4421 sp.
557 4337 676 4427 egimus
688 4355 716 4422 p.
734 4339 820 4402 977&
836 4354 882 4420 sq.
925 4336 1103 4401 Pancirotoo
1128 4335 1167 4401 de
1187 4336 1299 4403 eodem

146 4544 1338 4595 mm.
