2918 4914
97 231 855 277 ae=======—-=——
1263 238 1320 289 η

143 387 339 441 unsara
364 365 1105 468 m·1¹9&u.27·sqq....na.1eo*.ts.
1135 370 1247 448 1097*

143 609 210 657 rum
234 591 368 673 priorem
396 593 623 673 comprobem),
647 592 910 674 Cellar.1.p.169.
931 593 1071 673 §.LXV.,
1094 593 1246 658 D'Anviil.

142 721 174 786 p.
184 701 254 767 139.
263 719 321 783 sq,
344 703 493 766 Mannert.
507 704 543 766 11.
559 705 585 765 1.
598 722 627 784 p.
639 705 720 783 157,
745 701 848 767 Ubert.
866 705 901 766 ll.
914 705 942 767 2.
959 722 987 785 p.
997 703 1071 768 488.
1092 743 1131 754 -
1161 703 1247 767 Con-

142 812 281 875 stunct'oe
305 807 343 873 d.
374 812 420 875 De
449 812 507 875 bac
539 813 678 892 civitate,
701 812 976 893 bodecutances,
1007 833 1086 896 quae
1115 812 1249 878 dicenda

144 922 248 1001 babui,
272 921 336 985 dixi
359 938 452 1003 supra
474 923 699 1005 p.830*.sq.ad
715 923 912 1005 p.107*.l.9.
928 922 1188 1005 -Lupdonensis
1206 924 1245 1003 Ἀ,

141 1030 336 1115 Luedcnensi
353 1024 430 1114 ott,
455 1032 648 1114 bnpduuensi
669 1035 801 1099 secunde
821 1031 857 1096 d.
888 1034 934 1098 Ol.
944 1055 973 1118 p.
983 1035 1072 1101 495¹.
1085 1038 1124 1101 ad
1137 1039 1247 1120 pte.

142 1144 187 1221 ld:
200 1143 326 1208 19...21.

227 1254 314 1318 PAG.
333 1258 427 1322 12οἣ
449 1257 477 1331 l.
495 1257 536 1336 1.]
560 1250 702 1319 Lacuna'e
724 1255 870 1320 indicium
894 1257 994 1321 nullus
1010 1259 1111 1323 codex
1132 1259 1250 1323 sacri·

141 1371 209 1447 ptus
231 1384 257 1429 s.
276 1366 444 1447 impressus
468 1365 614 1445 exhibet,
639 1382 739 1447 neque
761 1368 921 1449 quisquam
945 1384 1034 1450 quem
1056 1369 1164 1448 sciam,
1187 1369 1248 1432 ali-

142 1476 215 1558 quid
235 1476 392 1540 excidisse
414 1481 485 1539 ante
506 1474 671 1539 editionem
688 1495 786 1539 meam
803 1477 1033 1543 observaverat.
1058 1477 1250 1542 Batonem

141 1592 172 1648 et
192 1586 349 1650 excidisse
371 1586 438 1650 tere
461 1592 577 1649 cermm
599 1603 670 1650 esse
691 1586 832 1651 dixerim.

227 1732 269 1748 -
290 1697 318 1772 l.
343 1697 387 1775 9.]
411 1697 479 1759 Ηοο
501 1710 622 1777 quoque
645 1695 716 1760 loco
738 1714 801 1759 non
825 1699 924 1762 solum
950 1698 1080 1764 lacunae
1102 1699 1249 1763 indicium

141 1805 271 1870 codices
295 1806 409 1870 nullum
432 1806 589 1888 praebent,
615 1806 670 1869 sed
691 1802 759 1866 miti
780 1810 869 1873 etiam
890 1809 1073 1873 vocabulum
1095 1814 1141 1889 et,
1166 1809 1249 1890 quod

140 1930 216 1979 mss.
237 1921 386 2003 praebent
410 1918 466 1995 (de
490 1935 554 2012 uno
578 1918 764 1984 sincerius
791 1930 893 2000 sum),
915 1920 1095 1999 eiecerunt,
1121 1926 1248 1984 temere.

142 2037 280 2113 apertum
304 2037 362 2109 est,
385 2050 425 2093 ex
448 2030 486 2092 iis
511 2048 590 2111 quae
616 2031 755 2110 proxime
780 2036 1034 2112 praecesserunt,
1056 2045 1170 2092 nomen
1191 2047 1251 2111 op-

143 2140 207 2222 pidi
231 2140 405 2219 excidisse,
429 2141 511 2222 quod
536 2142 670 2204 sortasse
695 2139 832 2203 Turones
856 2139 984 2220 (Teura,
1010 2140 1087 2218 ἀέρ’.
1103 2138 1197 2203 indae
1222 2146 1251 2202 et

143 2247 248 2329 boire,
258 2250 446 2314 Cannabicb.
459 2249 544 2313 Frlcr.
557 2268 586 2330 p.
596 2247 687 2330 468.)
702 2250 799 2316 tuisse
812 2251 872 2313 inm
882 2251 955 2312 olim
971 2249 1154 2313 coniectari.
1179 2267 1249 2340 nam

144 2359 391 2424 l'ancirolianum
415 2367 462 2424 est
488 2359 567 2422 boc:
590 2359 702 2440 ,Vetus
726 2361 827 2423 codex
850 2360 926 2442 legit
951 2360 1123 2424 Sueborum
1144 2365 1173 2420 et
1197 2376 1250 2421 ee·

144 2486 331 2550 nomunems,
356 2469 436 2532 sorte
467 2475 753 2556 cenomannorum.
798 2469 950 2532 Turonum
981 2487 1093 2533 nomen
1117 2468 1249 2533 maxime

144 2580 262 2645 arridet
283 2597 344 2642 non
368 2585 427 2643 tam
453 2556 523 2660 puio
547 2580 578 2643 id
602 2579 745 2660 oppidum
768 2579 983 2662 Lugdunensis
1005 2580 1056 2644 lll.
1069 2578 1249 2661 metropolis

143 2689 210 2770 luit,
234 2697 266 2752 ut
288 2695 319 2752 et
342 2690 373 2752 in
395 2689 464 2752 Not.
477 2689 669 2771 provallall.
685 2689 809 2773 legitur,
833 2708 922 2771 quam
937 2697 1062 2772 propter
1082 2690 1144 2752 toci
1158 2691 1249 2754 situm

144 2806 177 2865 et
198 2805 336 2863 veterum
349 2799 572 2863 turonemium
596 2801 735 2863 vicorum
757 2799 919 2880 vocabula,
943 2817 1073 2880 quorum
1095 2799 1248 2864 nonnulla

142 2926 205 2972 non
215 2909 351 2974 Celticae
365 2910 620 2991 Aquitanicaeve,
642 2910 698 2973 sed
711 2910 913 2975 Germanicae
928 2910 1060 2993 originis
1070 2916 1150 2991 sunt,
1166 2910 1250 2992 quod

142 3037 205 3083 uon
228 3020 378 3084 intellexit
400 3020 540 3084 Valesius
564 3020 614 3102 qui
634 3038 661 3100 p.
671 3020 743 3083 371.
757 3039 823 3101 sqq.
843 3027 959 3100 partem
972 3039 1089 3084 eorum
1113 3019 1248 3104 collegit.

227 3149 269 3178 -·
280 3131 307 3207 d.
322 3130 367 3213 3.]
380 3129 588 3193 cenomannos
608 3123 742 3204 wilh
766 3149 822 3212 pro
838 3142 1019 3194 cedmonaeos
1039 3130 1184 3194 librarius
1199 3131 1248 3193 vi-

143 3239 189 3304 dit
208 3239 420 3320 eebmannos),
443 3240 645 3304 cenomannis
666 3259 712 3304 aa.
757 3242 960 3306 Aulercorum
981 3259 1006 3304 s.
1021 3240 1247 3321 Aulerciorum,

144 3352 277 3417 celebris
308 3353 416 3418 Celtici
446 3352 548 3434 populi
583 3360 700 3435 partem
735 3352 911 3417 efficiebant
941 3351 1148 3433 cenomanni,
1179 3350 1246 3433 qui,

141 3461 316 3544 Adti'pmm
339 3459 367 3526 ol
383 3465 573 3541 stopanoi‘,
593 3465 672 3526 inter
693 3463 880 3527 Andecavos
904 3469 934 3525 et
947 3462 1112 3525 Namnetes
1132 3460 1249 3525 seden-

143 3578 203 3651 tes,
230 3573 399 3636 Ov’s‘vdsvon
426 3573 586 3654 oppidum,
615 3574 697 3655 quod
728 3573 842 3660 deinde
865 3573 1111 3637 Cenomanorum
1138 3572 1246 3653 ipsum,

142 3681 175 3745 in
198 3681 348 3745 hodierna
363 3681 464 3762 Mons,
483 3684 645 3764 metropoli
659 3684 872 3765 praefecturae
885 3683 993 3746 Sartae
1009 3681 1063 3759 (de
1078 3681 1109 3744 lu
1121 3681 1248 3759 Sortbe)

142 3792 298 3869 (Cannab.
312 3789 400 3853 Febr.
419 3810 449 3872 p.
463 3790 553 3867 460.)
575 3799 731 3874 superstes
763 3811 875 3855 nornen
906 3813 923 3855 a
959 3793 1062 3873 populi
1096 3791 1248 3855 vocabulo
1305 3808 1309 3853 t

144 3900 280 3981 accepit,
304 3899 477 3978 habebant;
508 3902 603 3965 altera
631 3921 702 3984 pars
734 3908 822 3965 erant
848 3903 1057 3981 Eburovices,
1087 3902 1248 3965 Eburones

142 4010 232 4074 Caes.
247 4007 280 4072 B.
293 4009 328 4073 G.
338 4008 402 4072 VH.
415 4011 477 4089 75,
500 4008 673 4094 Adiabaros
695 4009 897 4092 Ἐβουραϊκοί
915 4010 989 4074 Ptol.
1002 4011 1038 4078 ll.
1052 4012 1070 4074 7
1083 4011 1158 4091 (8.),
1179 4031 1246 4075 cum

143 4119 257 4202 oppido
272 4119 490 4207 Μεδιολανίῳ,
503 4121 552 4182 cui
569 4127 677 4202 postea
692 4097 832 4184 similiter
846 4120 1082 4200 Eburovicibus,
1104 4102 1248 4199 Esaeae,

141 4247 256 4295 nomen
280 4230 409 4293 inditum
434 4234 496 4305 est3
513 4210 698 4290 'Diablintes
720 4228 901 4310 simpliciter
932 4230 970 4292 ab
993 4229 1062 4294 aliis
1085 4229 1248 4311 scriptori-

138 4338 216 4421 bus,
247 4339 405 4403 Ds'ublindi
426 4359 443 4401 a
465 4337 539 4401 Plin.
554 4340 590 4402 Η.
602 4341 637 4402 N.
653 4339 701 4401 lV.
717 4340 764 4403 18.
779 4346 854 4403 secl.
866 4339 1049 4421 32.vocati,
1072 4339 1246 4404 Ptolemaeo

97 4544 1296 4615 qam-b
