2918 4914
210 369 304 444 756*
323 392 490 442 annonas
504 392 577 441 nor.
589 393 735 444 ccccm.
745 396 887 446 rxxrur.
898 396 1101 447 orxmrmas
1115 398 1238 450 surm.

205 603 259 660 tur
281 595 444 659 furibunda
465 597 682 678 praesumptio.
727 597 779 662 Sic
801 567 926 679 gentilis
947 599 1076 680 impetus
1091 599 1202 664 Vestra
1216 621 1318 667 rena-

145 731 147 741 ⁴
206 707 253 771 tio
278 711 324 769 est
342 711 373 768 et
396 705 469 770 ludo
492 706 600 789 geritis
623 706 704 788 quod
728 707 792 770 Nos
815 705 1007 788 [loretvos]
1030 709 1156 774 assidue
1182 710 1317 777 feliciter

206 815 314 899 egisse
336 816 466 879 sentitis.
510 816 646 897 Ideoque
662 815 765 881 valido
779 817 821 880 Te
843 818 969 900 ingenio
992 837 1029 882 ac
1049 820 1167 884 viribus
1183 821 1315 889 audieu-

205 933 254 991 tes
277 945 334 1008 par
358 926 440 990 illam
463 927 663 991 indictionem
685 927 833 991 Ducatum
859 928 927 992 'libi
951 929 1104 994 credimus
1125 932 1311 1012 Raetiarum,

205 1045 241 1103 ut
261 1038 374 1102 milites
396 1044 426 1101 et
448 1038 480 1100 in
502 1056 581 1119 pace
601 1055 694 1121 regas
716 1045 835 1102 etcum
860 1040 906 1103 eis
928 1040 1006 1104 lines
1028 1042 1158 1106 Nostros
1180 1043 1311 1107 solemni

204 1149 369 1217 alacritate
392 1149 579 1227 circumeam
605 1148 675 1230 quia
693 1166 756 1212 non
774 1167 899 1230 parvam
915 1169 982 1214 rem
992 1151 1059 1214 'l'ibi
1072 1152 1203 1233 respicis
1216 1153 1310 1218 fuisse

203 1259 423 1338 commissam,
452 1258 574 1339 quando
596 1259 799 1340 tranquillitas
827 1261 918 1343 regni
947 1261 1051 1325 Nostri
1080 1263 1143 1325 'lua
1175 1263 1308 1327 creditur

202 1367 415 1436 sollicitudine
444 1368 608 1447 custodiri3
642 1369 682 1431 ita
713 1375 834 1449 tamen,
866 1376 899 1433 ut
927 1372 1039 1435 milites
1062 1372 1130 1434 Tibi
1153 1373 1307 1437 commissi

201 1483 312 1546 vivant
335 1497 403 1542 cum
421 1479 663 1560 provincialibus
686 1479 755 1544 iure
778 1480 879 1561 civili,
909 1500 968 1545 nec
991 1483 1160 1547 insolescat
1192 1484 1305 1549 animus

201 1592 313 1674 quise
335 1588 428 1651 sentit
448 1593 608 1669 armatum,
630 1590 700 1670 quia
722 1590 838 1672 clipeus
860 1589 912 1653 ille
933 1593 1087 1655 exercitus
1102 1593 1208 1656 Nostri
1221 1595 1306 1675 quie-

172 1784 176 1791 Α
200 1708 263 1785 tem
287 1697 381 1762 debet
405 1703 564 1779 praestare
584 1699 731 1767 Romanis
743 1721 753 1777 ;
787 1716 863 1780 quos
895 1699 967 1764 ideo
998 1707 1119 1765 constat
1140 1704 1305 1783 appositos,

200 1818 235 1874 ut
258 1810 341 1874 intus
367 1807 430 1870 vita
460 1807 584 1872 lelicior
610 1827 720 1873 secura
751 1809 893 1873 libertate
915 1817 1067 1891 carpatur.
1118 1812 1306 1895 Quapropter

199 1923 315 1991 Nostro
339 1917 496 2000 responde
519 1919 634 1982 iudicio
657 1919 716 1983 lide
732 1919 829 1985 Nobis
854 1926 884 1983 et
904 1920 1053 1984 industria
1075 1897 1256 2003 placiturus,
1276 1929 1305 1987 ut

199 2051 260 2096 nec
283 2029 420 2114 gentiles
442 2028 510 2092 sine
533 2028 729 2093 discussione
750 2030 913 2111 suscipias,
934 2047 995 2093 nec
1012 2031 1143 2095 Nostros
1166 2032 1208 2096 ad
1229 2051 1304 2118 gen-

200 2150 248 2207 tes
273 2142 332 2207 sub
362 2139 577 2204 incuriositate
607 2140 793 2204 transmittas
801 2161 810 2218 3
839 2139 878 2203 ad
910 2141 1127 2205 necessitatem
1155 2145 1302 2224 sicpridem

199 2253 300 2317 rarius
323 2250 449 2313 venitur
470 2267 635 2329 armorum,
659 2249 711 2312 ubi
729 2256 873 2330 suscepta
884 2252 1036 2331 surreptio
1051 2253 1200 2316 custodiri
1214 2272 1302 2335 posse

198 2363 338 2438 sentitur.
385 2359 548 2442 Priuilegia
570 2378 647 2424 vero
671 2359 829 2442 dignitatis
853 2359 937 2423 Tuae
958 2360 1079 2423 Nostris
1103 2361 1170 2424 Tibi
1193 2363 1305 2428 iussio-

200 2472 291 2535 nibus
313 2469 519 2534 vindicabis“.
563 2470 654 2550 Apud
678 2471 769 2534 eund.
787 2472 809 2532 l.
833 2472 880 2538 11.
894 2476 993 2535 exstat
1015 2471 1201 2537 Theoderici
1223 2476 1304 2558 regis

199 2581 384 2661 rescriptum
411 2596 470 2659 quo
494 2578 623 2643 Servata
647 2579 726 2642 Duci
747 2581 922 2646 Raetiarum
948 2580 1095 2662 imperat,
1117 2588 1150 2644 ut
1170 2602 1188 2647 a
1209 2583 1304 2648 Breo-

200 2691 290 2756 nibus
312 2689 466 2755 Noniario
499 2690 619 2753 cuidam
650 2690 751 2755 ablata
781 2692 932 2772 mancipia
962 2692 1084 2755 restitui
1115 2693 1219 2757 faciat.
1263 2695 1303 2759 De

200 2803 329 2872 Raetiae
353 2802 386 2863 in
410 2799 487 2862 duas
509 2799 688 2880 provincias
710 2800 865 2864 divisione
894 2819 984 2883 supra
1007 2821 1036 2883 p.
1054 2802 1144 2867 443&
1159 2821 1205 2885 sq.
1221 2805 1261 2868 sd
1276 2823 1301 2886 p.

201 2914 268 2978 ὁδ’.
279 2913 328 2989 ΙΙ.
345 2910 375 2976 3.
388 2910 418 2972 4.
429 2909 662 2990 disputavimus.
707 2911 837 2977 litteras
851 2957 878 2990 ,.
889 2958 896 2973 .
908 2959 915 2974 .
927 2958 934 2973 .
947 2935 990 2974 .12.
1003 2935 1027 2974 r.
1043 2935 1130 2975 nerra
1151 2913 1184 2975 in
1206 2913 1301 2996 lapide

200 3022 366 3105 sepulcrali
389 3020 536 3085 Velscrus
559 3006 943 3102 (praetercurrentes,
965 3039 994 3102 p.
1008 3020 1080 3084 363.
1097 3039 1143 3103 sq.
1155 3022 1249 3108 Opp.)
1267 3041 1300 3087 ac

199 3134 346 3202 Raiserus
370 3137 402 3195 et
422 3131 453 3192 in
475 3120 555 3194 libro
576 3129 635 3193 Dio
646 3133 722 3195 rdm.
736 3130 864 3194 Altertb.
877 3130 1036 3212 zuAupsb.
1051 3132 1141 3195 1890.
1154 3131 1197 3195 4⁰.
1212 3151 1241 3214 p.
1252 3135 1298 3197 20.

200 3263 247 3326 sq.
261 3249 291 3306 et
317 3243 349 3304 in
371 3240 540 3304 recentiori
563 3240 628 3302 Der
640 3238 976 3303 Ober-Donou-Krcs's.
996 3241 1114 3323 Augsb.
1133 3242 1223 3306 1830.
1237 3258 1299 3324 sqq.

199 3357 244 3419 4⁰.
261 3355 338 3418 fasc.
356 3350 724 3432 depauperatum
752 3350 932 3432 procinctos
957 3350 1086 3415 Raetiae
1115 3349 1301 3432 interpretati

201 3470 280 3543 sunt,
305 3480 373 3524 cum
398 3461 528 3541 lepotum
548 3479 605 3542 pro
628 3465 771 3542 praetore
792 3461 921 3524 Raetiae
944 3460 1120 3543 designent,
1145 3461 1227 3523 utin
1251 3477 1300 3523 ara

200 3574 302 3658 paullo
324 3578 395 3654 post
422 3571 558 3635 exhibita
587 3595 740 3635 mracvnro
759 3573 765 3657 Ι
785 3595 884 3634 cvras.
908 3594 1005 3634 sauss.
1030 3595 1058 3632 .ι.
1076 3593 1163 3633 raso
1184 3574 1189 3652 Ι
1209 3568 1301 3653 surr!

201 3683 327 3764 sarrs.l
349 3702 397 3743 cr..
421 3703 578 3744 reuersus
597 3682 603 3766 Ι
621 3703 672 3744 ιν.
696 3704 760 3747 vrn.
786 3705 869 3746 saca.
892 3702 949 3742 rac
969 3684 974 3763 Ι
992 3704 1054 3743 cos.
1085 3678 1194 3743 nesrolt
1213 3685 1219 3762 Ι
1238 3704 1301 3744 uro.

202 3816 276 3856 nvo.
299 3815 346 3855 an.
369 3813 403 3852 ra
421 3791 426 3872 Ι
447 3813 511 3852 uro.
539 3787 585 3854 ιἰι.
609 3814 680 3853 ιτιι.
698 3792 705 3876 Ι
724 3815 754 3853 v.
776 3816 799 3853 s.
828 3815 855 3852 u.
879 3814 901 3852 u
932 3794 1031 3871 alque·
1051 3790 1083 3852 iu
1114 3790 1175 3854 hoc
1203 3790 1302 3872 lapide
1343 3872 1344 3879 ἵ

200 3888 411 3982 Laugr'ngensi
436 3898 527 3977 (ibid.
538 3917 567 3980 p.
579 3896 650 3962 246.
665 3917 691 3962 a.
705 3886 781 3963 406.
789 3899 883 3980 Opp.)
897 3923 1061 3963 orosrsrrs.
1085 3923 1151 3962 uso.
1164 3922 1237 3963 svo.
1258 3923 1303 3963 ra.

200 4035 238 4078 pn
257 4012 263 4092 Ι
281 4007 417 4071 raetiae.
435 4055 441 4070 .
456 4055 463 4070 .
478 4056 485 4070 .
499 4033 572 4073 nau.
596 4033 709 4074 rvmss.
733 4008 761 4071 d.
777 4010 805 4073 d.
851 4010 937 4086 Quae
958 4010 1136 4073 Pancirolus
1157 4010 1197 4073 de
1219 4011 1304 4074 Duce

200 4117 376 4188 Raetiarum
398 4117 499 4195 habet,
522 4119 599 4182 hacc
618 4126 706 4193 sunt:
735 4121 861 4199 ,Retiae
883 4121 960 4184 sitae
981 4120 1012 4182 in
1034 4120 1163 4202 Alpibus
1187 4120 1304 4184 ltaliam

202 4251 220 4296 a
245 4227 409 4292 Germania
433 4227 582 4309 dividunt,
608 4230 716 4311 quibus
738 4231 807 4294 Dux
828 4232 969 4312 praefuit,
994 4232 1072 4296 inter
1086 4249 1163 4314 quos
1180 4231 1304 4295 Fulvius

203 4340 299 4405 Boius
323 4336 379 4400 sub
402 4336 566 4401 Valeriano
587 4338 727 4421 (vopisc.
744 4341 774 4404 in
797 4341 983 4422 Aureliano)
1008 4348 1037 4405 et
1056 4342 1202 4406 Bonosus
1223 4359 1304 4405 unus
