<?xml version="1.0" encoding="UTF-8"?>
<!DOCTYPE html PUBLIC "-//W3C//DTD XHTML 1.0 Transitional//EN"
    "http://www.w3.org/TR/xhtml1/DTD/xhtml1-transitional.dtd">
<html xmlns="http://www.w3.org/1999/xhtml" xml:lang="en" lang="en">
 <head>
  <title>
</title>
<meta http-equiv="Content-Type" content="text/html;charset=utf-8" />
  <meta name='ocr-system' content='tesseract 3.04.00' />
  <meta name='ocr-capabilities' content='ocr_page ocr_carea ocr_par ocr_line ocrx_word'/>
</head>
<body>
  <div class='ocr_page' id='page_1' title='image "./notitiadignitat01bcgoog_0289.png"; bbox 0 0 2918 4914; ppageno 0'>
   <div class='ocr_carea' id='block_1_1' title="bbox 122 177 1380 313">
    <p class='ocr_par' dir='ltr' id='par_1_1' title="bbox 122 177 1380 313">
     <span class='ocr_line' id='line_1_1' title="bbox 122 177 1380 247; baseline -0.001 -20"><span class='ocrx_word' id='word_1_1' title='bbox 122 177 1380 247; x_wconf 45' lang='grc' dir='ltr'><strong>κων</strong></span> 
     </span>
     <span class='ocr_line' id='line_1_2' title="bbox 125 245 1378 313; baseline 0.001 -1"><span class='ocrx_word' id='word_1_2' title='bbox 125 245 147 312; x_wconf 83' lang='lat' dir='ltr'><strong>t</strong></span> <span class='ocrx_word' id='word_1_3' title='bbox 1361 245 1378 313; x_wconf 85' lang='lat' dir='ltr'><strong>l</strong></span> 
     </span>
    </p>
   </div>
   <div class='ocr_carea' id='block_1_2' title="bbox 199 343 1307 442">
    <p class='ocr_par' dir='ltr' id='par_1_2' title="bbox 199 343 1307 442">
     <span class='ocr_line' id='line_1_3' title="bbox 199 343 1307 442; baseline 0 -27"><span class='ocrx_word' id='word_1_4' title='bbox 199 343 292 416; x_wconf 72' lang='lat'><strong>820*</strong></span> <span class='ocrx_word' id='word_1_5' title='bbox 317 366 433 414; x_wconf 79' lang='lat' dir='ltr'><strong>aanor.</strong></span> <span class='ocrx_word' id='word_1_6' title='bbox 444 366 484 415; x_wconf 78' lang='lat' dir='ltr'><strong>nn</strong></span> <span class='ocrx_word' id='word_1_7' title='bbox 500 367 572 414; x_wconf 84' lang='lat' dir='ltr'><strong>nor.</strong></span> <span class='ocrx_word' id='word_1_8' title='bbox 582 366 651 414; x_wconf 88' lang='lat' dir='ltr'><strong>nce.</strong></span> <span class='ocrx_word' id='word_1_9' title='bbox 663 366 729 414; x_wconf 79' lang='lat' dir='ltr'><strong>oar.</strong></span> <span class='ocrx_word' id='word_1_10' title='bbox 740 368 856 416; x_wconf 80' lang='lat' dir='ltr'><strong>xxxva.</strong></span> <span class='ocrx_word' id='word_1_11' title='bbox 871 365 1082 416; x_wconf 78' lang='lat' dir='ltr'><strong>naxrnnervs</strong></span> <span class='ocrx_word' id='word_1_12' title='bbox 1093 366 1307 442; x_wconf 75' lang='lat' dir='ltr'><strong>montaum.</strong></span> 
     </span>
    </p>
   </div>
   <div class='ocr_carea' id='block_1_3' title="bbox 384 566 1104 734">
    <p class='ocr_par' dir='ltr' id='par_1_3' title="bbox 384 566 1104 734">
     <span class='ocr_line' id='line_1_4' title="bbox 384 566 1096 638; baseline 0.001 -21"><span class='ocrx_word' id='word_1_13' title='bbox 384 566 417 617; x_wconf 84' lang='lat' dir='ltr'><strong>Et</strong></span> <span class='ocrx_word' id='word_1_14' title='bbox 436 583 504 635; x_wconf 85' lang='lat' dir='ltr'><strong>quae</strong></span> <span class='ocrx_word' id='word_1_15' title='bbox 524 567 652 620; x_wconf 84' lang='lat' dir='ltr'><strong>Pictonici</strong></span> <span class='ocrx_word' id='word_1_16' title='bbox 672 568 740 638; x_wconf 78' lang='lat' dir='ltr'><strong>legit</strong></span> <span class='ocrx_word' id='word_1_17' title='bbox 758 566 850 618; x_wconf 91' lang='lat' dir='ltr'><strong>accola</strong></span> <span class='ocrx_word' id='word_1_18' title='bbox 868 566 963 630; x_wconf 87' lang='lat' dir='ltr'><strong>litoris,</strong></span> <span class='ocrx_word' id='word_1_19' title='bbox 984 573 1010 618; x_wconf 91' lang='lat' dir='ltr'><strong>et</strong></span> <span class='ocrx_word' id='word_1_20' title='bbox 1029 582 1096 634; x_wconf 85' lang='lat' dir='ltr'><strong>quae</strong></span> 
     </span>
     <span class='ocr_line' id='line_1_5' title="bbox 384 665 1104 734; baseline -0.004 -17"><span class='ocrx_word' id='word_1_21' title='bbox 384 667 449 717; x_wconf 87' lang='lat' dir='ltr'><strong>blira</strong></span> <span class='ocrx_word' id='word_1_22' title='bbox 468 665 629 717; x_wconf 72' lang='lat' dir='ltr'><strong>Caledonius</strong></span> <span class='ocrx_word' id='word_1_23' title='bbox 648 681 847 733; x_wconf 81' lang='lat' dir='ltr'>nonnumquam</span> <span class='ocrx_word' id='word_1_24' title='bbox 869 665 972 734; x_wconf 85' lang='lat' dir='ltr'><strong>detegit</strong></span> <span class='ocrx_word' id='word_1_25' title='bbox 990 672 1104 729; x_wconf 58' lang='lat' dir='ltr'><strong>aestum,</strong></span> 
     </span>
    </p>
   </div>
   <div class='ocr_carea' id='block_1_4' title="bbox 82 763 1308 2056">
    <p class='ocr_par' dir='ltr' id='par_1_4' title="bbox 197 763 1308 1065">
     <span class='ocr_line' id='line_1_6' title="bbox 198 763 1308 847; baseline 0.001 -20"><span class='ocrx_word' id='word_1_26' title='bbox 198 765 280 847; x_wconf 91' lang='lat' dir='ltr'><strong>quod</strong></span> <span class='ocrx_word' id='word_1_27' title='bbox 296 764 442 827; x_wconf 90' lang='lat' dir='ltr'><strong>nonnulli</strong></span> <span class='ocrx_word' id='word_1_28' title='bbox 467 764 583 841; x_wconf 87' lang='lat' dir='ltr'><strong>volunt,</strong></span> <span class='ocrx_word' id='word_1_29' title='bbox 608 764 795 825; x_wconf 88' lang='lat' dir='ltr'><strong>Pictonienm</strong></span> <span class='ocrx_word' id='word_1_30' title='bbox 812 763 882 825; x_wconf 89' lang='lat' dir='ltr'><strong>litus</strong></span> <span class='ocrx_word' id='word_1_31' title='bbox 897 763 1112 826; x_wconf 87' lang='lat' dir='ltr'><strong>Aremoricum</strong></span> <span class='ocrx_word' id='word_1_32' title='bbox 1128 781 1191 826; x_wconf 94' lang='lat' dir='ltr'><strong>non</strong></span> <span class='ocrx_word' id='word_1_33' title='bbox 1209 763 1308 828; x_wconf 86' lang='lat' dir='ltr'><strong>luisse</strong></span> 
     </span>
     <span class='ocr_line' id='line_1_7' title="bbox 197 871 1307 957; baseline 0 -20"><span class='ocrx_word' id='word_1_34' title='bbox 197 877 337 957; x_wconf 89' lang='lat' dir='ltr'><strong>probant.</strong></span> <span class='ocrx_word' id='word_1_35' title='bbox 362 874 502 954; x_wconf 72' lang='lat' dir='ltr'><strong>Eutropii</strong></span> <span class='ocrx_word' id='word_1_36' title='bbox 523 893 550 953; x_wconf 94' lang='lat' dir='ltr'><strong>p.</strong></span> <span class='ocrx_word' id='word_1_37' title='bbox 565 873 666 951; x_wconf 58' lang='lat' dir='ltr'><strong>new„</strong></span> <span class='ocrx_word' id='word_1_38' title='bbox 689 873 878 954; x_wconf 81' lang='lat' dir='ltr'><strong>Apollinaris</strong></span> <span class='ocrx_word' id='word_1_39' title='bbox 902 871 1023 936; x_wconf 88' lang='lat' dir='ltr'><strong>Sidonii</strong></span> <span class='ocrx_word' id='word_1_40' title='bbox 1044 890 1072 953; x_wconf 90' lang='lat' dir='ltr'><strong>p.</strong></span> <span class='ocrx_word' id='word_1_41' title='bbox 1088 875 1176 935; x_wconf 80' lang='lat'>558*.</span> <span class='ocrx_word' id='word_1_42' title='bbox 1190 879 1221 936; x_wconf 89' lang='lat' dir='ltr'><strong>et</strong></span> <span class='ocrx_word' id='word_1_43' title='bbox 1245 874 1307 937; x_wconf 91' lang='lat' dir='ltr'><strong>Zo-</strong></span> 
     </span>
     <span class='ocr_line' id='line_1_8' title="bbox 197 982 1307 1065; baseline -0.001 -18"><span class='ocrx_word' id='word_1_44' title='bbox 197 985 267 1047; x_wconf 87' lang='lat' dir='ltr'><strong>simi</strong></span> <span class='ocrx_word' id='word_1_45' title='bbox 287 985 416 1065; x_wconf 64' lang='lat' dir='ltr'><strong>paor.</strong></span> <span class='ocrx_word' id='word_1_46' title='bbox 429 983 557 1046; x_wconf 82' lang='lat' dir='ltr'><strong>exhibiti</strong></span> <span class='ocrx_word' id='word_1_47' title='bbox 579 982 639 1044; x_wconf 89' lang='lat' dir='ltr'><strong>loci</strong></span> <span class='ocrx_word' id='word_1_48' title='bbox 663 982 703 1044; x_wconf 90' lang='lat' dir='ltr'><strong>de</strong></span> <span class='ocrx_word' id='word_1_49' title='bbox 723 982 832 1044; x_wconf 83' lang='lat' dir='ltr'><strong>linibus</strong></span> <span class='ocrx_word' id='word_1_50' title='bbox 847 982 1049 1045; x_wconf 81' lang='lat' dir='ltr'><strong>Aremoricae</strong></span> <span class='ocrx_word' id='word_1_51' title='bbox 1073 982 1225 1046; x_wconf 71' lang='lat' dir='ltr'><strong>certiores</strong></span> <span class='ocrx_word' id='word_1_52' title='bbox 1248 1002 1307 1047; x_wconf 88' lang='lat' dir='ltr'><strong>nos</strong></span> 
     </span>
    </p>

    <p class='ocr_par' dir='ltr' id='par_1_5' title="bbox 152 1070 1308 1727">
     <span class='ocr_line' id='line_1_9' title="bbox 152 1070 1304 1175; baseline 0 -18"><span class='ocrx_word' id='word_1_53' title='bbox 152 1070 156 1077; x_wconf 33' lang='lat'><strong>¹</strong></span> <span class='ocrx_word' id='word_1_54' title='bbox 198 1113 260 1157; x_wconf 94' lang='lat' dir='ltr'><strong>non</strong></span> <span class='ocrx_word' id='word_1_55' title='bbox 285 1094 411 1172; x_wconf 85' lang='lat' dir='ltr'><strong>iaciunt,</strong></span> <span class='ocrx_word' id='word_1_56' title='bbox 435 1112 497 1156; x_wconf 94' lang='lat' dir='ltr'><strong>non</strong></span> <span class='ocrx_word' id='word_1_57' title='bbox 520 1094 620 1175; x_wconf 83' lang='lat' dir='ltr'><strong>magis</strong></span> <span class='ocrx_word' id='word_1_58' title='bbox 640 1112 729 1174; x_wconf 88' lang='lat' dir='ltr'><strong>qnam</strong></span> <span class='ocrx_word' id='word_1_59' title='bbox 752 1093 803 1155; x_wconf 92' lang='lat' dir='ltr'><strong>ubi</strong></span> <span class='ocrx_word' id='word_1_60' title='bbox 828 1093 972 1156; x_wconf 87' lang='lat' dir='ltr'><strong>Claudius</strong></span> <span class='ocrx_word' id='word_1_61' title='bbox 995 1092 1122 1156; x_wconf 86' lang='lat' dir='ltr'><strong>Rutilius</strong></span> <span class='ocrx_word' id='word_1_62' title='bbox 1145 1093 1230 1169; x_wconf 89' lang='lat' dir='ltr'><strong>(ltin.</strong></span> <span class='ocrx_word' id='word_1_63' title='bbox 1245 1093 1304 1170; x_wconf 69' lang='lat' dir='ltr'><strong>li.</strong></span> 
     </span>
     <span class='ocr_line' id='line_1_10' title="bbox 198 1202 1307 1286; baseline -0.001 -18"><span class='ocrx_word' id='word_1_64' title='bbox 198 1205 288 1282; x_wconf 76' lang='lat'>213.)</span> <span class='ocrx_word' id='word_1_65' title='bbox 302 1205 477 1286; x_wconf 84' lang='lat' dir='ltr'><strong>praesidem</strong></span> <span class='ocrx_word' id='word_1_66' title='bbox 501 1203 754 1283; x_wconf 86' lang='lat' dir='ltr'><strong>Exsuperantinm</strong></span> <span class='ocrx_word' id='word_1_67' title='bbox 778 1202 892 1281; x_wconf 87' lang='lat' dir='ltr'><strong>laudat,</strong></span> <span class='ocrx_word' id='word_1_68' title='bbox 918 1202 1000 1284; x_wconf 91' lang='lat' dir='ltr'><strong>quod</strong></span> <span class='ocrx_word' id='word_1_69' title='bbox 1016 1202 1217 1266; x_wconf 87' lang='lat' dir='ltr'><strong>Aremoricus</strong></span> <span class='ocrx_word' id='word_1_70' title='bbox 1234 1222 1307 1267; x_wconf 90' lang='lat' dir='ltr'><strong>oras</strong></span> 
     </span>
     <span class='ocr_line' id='line_1_11' title="bbox 197 1311 1308 1397; baseline -0.002 -20"><span class='ocrx_word' id='word_1_71' title='bbox 197 1314 416 1397; x_wconf 79' lang='lat' dir='ltr'><strong>postliminium</strong></span> <span class='ocrx_word' id='word_1_72' title='bbox 441 1313 527 1393; x_wconf 85' lang='lat' dir='ltr'><strong>pacis</strong></span> <span class='ocrx_word' id='word_1_73' title='bbox 549 1330 653 1375; x_wconf 86' lang='lat' dir='ltr'><strong>anrare</strong></span> <span class='ocrx_word' id='word_1_74' title='bbox 676 1312 842 1374; x_wconf 88' lang='lat' dir='ltr'><strong>docuisset.</strong></span> <span class='ocrx_word' id='word_1_75' title='bbox 887 1312 949 1376; x_wconf 87' lang='lat' dir='ltr'><strong>Sed</strong></span> <span class='ocrx_word' id='word_1_76' title='bbox 972 1311 1054 1394; x_wconf 91' lang='lat' dir='ltr'><strong>quod</strong></span> <span class='ocrx_word' id='word_1_77' title='bbox 1078 1311 1161 1390; x_wconf 81' lang='lat' dir='ltr'><strong>dixi,</strong></span> <span class='ocrx_word' id='word_1_78' title='bbox 1185 1314 1308 1393; x_wconf 88' lang='lat' dir='ltr'><strong>praesi-</strong></span> 
     </span>
     <span class='ocr_line' id='line_1_12' title="bbox 199 1423 1306 1517; baseline 0 -29"><span class='ocrx_word' id='word_1_79' title='bbox 199 1426 249 1488; x_wconf 93' lang='lat' dir='ltr'><strong>dia</strong></span> <span class='ocrx_word' id='word_1_80' title='bbox 274 1424 334 1486; x_wconf 91' lang='lat' dir='ltr'><strong>boe</strong></span> <span class='ocrx_word' id='word_1_81' title='bbox 359 1424 492 1486; x_wconf 88' lang='lat' dir='ltr'><strong>Notitiae</strong></span> <span class='ocrx_word' id='word_1_82' title='bbox 517 1423 618 1503; x_wconf 89' lang='lat' dir='ltr'><strong>capite</strong></span> <span class='ocrx_word' id='word_1_83' title='bbox 638 1429 815 1485; x_wconf 83' lang='lat' dir='ltr'><strong>crtunrcrata</strong></span> <span class='ocrx_word' id='word_1_84' title='bbox 832 1441 894 1486; x_wconf 93' lang='lat' dir='ltr'><strong>non</strong></span> <span class='ocrx_word' id='word_1_85' title='bbox 914 1424 1015 1485; x_wconf 90' lang='lat' dir='ltr'><strong>omnia</strong></span> <span class='ocrx_word' id='word_1_86' title='bbox 1038 1424 1118 1486; x_wconf 90' lang='lat' dir='ltr'><strong>inter</strong></span> <span class='ocrx_word' id='word_1_87' title='bbox 1133 1427 1306 1517; x_wconf 79' lang='lat' dir='ltr'><strong>Sequanam</strong></span> 
     </span>
     <span class='ocr_line' id='line_1_13' title="bbox 197 1526 1306 1618; baseline -0.001 -20"><span class='ocrx_word' id='word_1_88' title='bbox 197 1534 393 1618; x_wconf 86' lang='lat' dir='ltr'><strong>Ligerimque</strong></span> <span class='ocrx_word' id='word_1_89' title='bbox 415 1526 564 1610; x_wconf 81' lang='lat' dir='ltr'><strong>extitisse,</strong></span> <span class='ocrx_word' id='word_1_90' title='bbox 587 1538 697 1613; x_wconf 86' lang='lat' dir='ltr'><strong>sponte</strong></span> <span class='ocrx_word' id='word_1_91' title='bbox 713 1532 881 1613; x_wconf 86' lang='lat' dir='ltr'><strong>apparebit,</strong></span> <span class='ocrx_word' id='word_1_92' title='bbox 895 1533 946 1594; x_wconf 92' lang='lat' dir='ltr'><strong>ubi</strong></span> <span class='ocrx_word' id='word_1_93' title='bbox 963 1533 1098 1598; x_wconf 79' lang='lat' dir='ltr'><strong>blabiam</strong></span> <span class='ocrx_word' id='word_1_94' title='bbox 1112 1534 1184 1597; x_wconf 92' lang='lat' dir='ltr'><strong>bod.</strong></span> <span class='ocrx_word' id='word_1_95' title='bbox 1197 1534 1306 1615; x_wconf 76' lang='lat' dir='ltr'><strong>Bloye,</strong></span> 
     </span>
     <span class='ocr_line' id='line_1_14' title="bbox 197 1642 1305 1727; baseline 0.001 -19"><span class='ocrx_word' id='word_1_96' title='bbox 197 1646 400 1727; x_wconf 83' lang='lat' dir='ltr'><strong>llotonragum</strong></span> <span class='ocrx_word' id='word_1_97' title='bbox 414 1642 522 1704; x_wconf 85' lang='lat' dir='ltr'><strong>Rauen</strong></span> <span class='ocrx_word' id='word_1_98' title='bbox 543 1661 613 1706; x_wconf 90' lang='lat' dir='ltr'><strong>csse</strong></span> <span class='ocrx_word' id='word_1_99' title='bbox 637 1642 863 1705; x_wconf 85' lang='lat' dir='ltr'><strong>ostenderimus</strong></span> <span class='ocrx_word' id='word_1_100' title='bbox 885 1644 941 1719; x_wconf 81' lang='lat' dir='ltr'><strong>[cl.</strong></span> <span class='ocrx_word' id='word_1_101' title='bbox 953 1650 1057 1707; x_wconf 90' lang='lat' dir='ltr'><strong>annot.</strong></span> <span class='ocrx_word' id='word_1_102' title='bbox 1070 1645 1109 1708; x_wconf 89' lang='lat' dir='ltr'><strong>ad</strong></span> <span class='ocrx_word' id='word_1_103' title='bbox 1122 1664 1151 1726; x_wconf 88' lang='lat' dir='ltr'><strong>p.</strong></span> <span class='ocrx_word' id='word_1_104' title='bbox 1167 1646 1253 1709; x_wconf 72' lang='lat'>107⁴.</span> <span class='ocrx_word' id='word_1_105' title='bbox 1260 1647 1305 1722; x_wconf 66' lang='lat' dir='ltr'><strong>ll.</strong></span> 
     </span>
    </p>

    <p class='ocr_par' dir='ltr' id='par_1_6' title="bbox 202 1733 1307 1836">
     <span class='ocr_line' id='line_1_15' title="bbox 202 1733 1307 1836; baseline -0.001 -17"><span class='ocrx_word' id='word_1_106' title='bbox 202 1759 230 1819; x_wconf 92' lang='lat'><strong>1.</strong></span> <span class='ocrx_word' id='word_1_107' title='bbox 243 1761 273 1818; x_wconf 88' lang='lat' dir='ltr'><strong>et</strong></span> <span class='ocrx_word' id='word_1_108' title='bbox 289 1756 365 1832; x_wconf 79' lang='lat' dir='ltr'><strong>to).</strong></span> <span class='ocrx_word' id='word_1_109' title='bbox 404 1755 436 1816; x_wconf 95' lang='lat' dir='ltr'><strong>ln</strong></span> <span class='ocrx_word' id='word_1_110' title='bbox 460 1733 648 1836; x_wconf 80' lang='lat' dir='ltr'><strong>peculiarem</strong></span> <span class='ocrx_word' id='word_1_111' title='bbox 668 1770 805 1816; x_wconf 89' lang='lat' dir='ltr'><strong>errorem</strong></span> <span class='ocrx_word' id='word_1_112' title='bbox 827 1753 935 1817; x_wconf 87' lang='lat' dir='ltr'><strong>incidit</strong></span> <span class='ocrx_word' id='word_1_113' title='bbox 956 1754 1073 1834; x_wconf 90' lang='lat' dir='ltr'><strong>Dubos,</strong></span> <span class='ocrx_word' id='word_1_114' title='bbox 1096 1774 1164 1818; x_wconf 92' lang='lat' dir='ltr'><strong>eum</strong></span> <span class='ocrx_word' id='word_1_115' title='bbox 1179 1773 1220 1818; x_wconf 83' lang='lat' dir='ltr'><strong>ex</strong></span> <span class='ocrx_word' id='word_1_116' title='bbox 1234 1774 1307 1819; x_wconf 87' lang='lat' dir='ltr'><strong>ver-</strong></span> 
     </span>
    </p>

    <p class='ocr_par' dir='ltr' id='par_1_7' title="bbox 82 1862 1305 2056">
     <span class='ocr_line' id='line_1_16' title="bbox 82 1862 1305 1957; baseline -0.002 -27"><span class='ocrx_word' id='word_1_117' title='bbox 82 1944 86 1957; x_wconf 66' lang='lat'><strong>,</strong></span> <span class='ocrx_word' id='word_1_118' title='bbox 198 1867 247 1930; x_wconf 92' lang='lat' dir='ltr'><strong>bis</strong></span> <span class='ocrx_word' id='word_1_119' title='bbox 269 1866 300 1942; x_wconf 83' lang='lat' dir='ltr'><strong>§i</strong></span> <span class='ocrx_word' id='word_1_120' title='bbox 316 1865 350 1927; x_wconf 94' lang='lat' dir='ltr'><strong>ll.</strong></span> <span class='ocrx_word' id='word_1_121' title='bbox 361 1864 487 1928; x_wconf 85' lang='lat' dir='ltr'><strong>efficere</strong></span> <span class='ocrx_word' id='word_1_122' title='bbox 510 1862 616 1938; x_wconf 89' lang='lat' dir='ltr'><strong>voluit,</strong></span> <span class='ocrx_word' id='word_1_123' title='bbox 640 1869 768 1926; x_wconf 90' lang='lat' dir='ltr'><strong>tractum</strong></span> <span class='ocrx_word' id='word_1_124' title='bbox 783 1863 1018 1927; x_wconf 88' lang='lat' dir='ltr'><strong>Armoricanum</strong></span> <span class='ocrx_word' id='word_1_125' title='bbox 1040 1883 1138 1946; x_wconf 87' lang='lat' dir='ltr'><strong>usque</strong></span> <span class='ocrx_word' id='word_1_126' title='bbox 1156 1865 1196 1928; x_wconf 89' lang='lat' dir='ltr'><strong>ad</strong></span> <span class='ocrx_word' id='word_1_127' title='bbox 1209 1866 1305 1931; x_wconf 87' lang='lat' dir='ltr'><strong>llbeni</strong></span> 
     </span>
     <span class='ocr_line' id='line_1_17' title="bbox 200 1974 1304 2056; baseline -0.001 -17"><span class='ocrx_word' id='word_1_128' title='bbox 200 1977 279 2040; x_wconf 90' lang='lat' dir='ltr'><strong>ostia</strong></span> <span class='ocrx_word' id='word_1_129' title='bbox 309 1994 380 2039; x_wconf 88' lang='lat' dir='ltr'><strong>sese</strong></span> <span class='ocrx_word' id='word_1_130' title='bbox 404 1974 626 2052; x_wconf 63' lang='lat' dir='ltr'><strong>extendisset,</strong></span> <span class='ocrx_word' id='word_1_131' title='bbox 657 1975 708 2054; x_wconf 90' lang='lat' dir='ltr'><strong>qui</strong></span> <span class='ocrx_word' id='word_1_132' title='bbox 741 1992 830 2036; x_wconf 91' lang='lat' dir='ltr'><strong>error</strong></span> <span class='ocrx_word' id='word_1_133' title='bbox 858 1993 896 2038; x_wconf 91' lang='lat' dir='ltr'><strong>eo</strong></span> <span class='ocrx_word' id='word_1_134' title='bbox 928 1976 1026 2056; x_wconf 85' lang='lat' dir='ltr'><strong>magis</strong></span> <span class='ocrx_word' id='word_1_135' title='bbox 1058 1975 1200 2039; x_wconf 87' lang='lat' dir='ltr'><strong>vitandus</strong></span> <span class='ocrx_word' id='word_1_136' title='bbox 1229 1982 1304 2056; x_wconf 90' lang='lat' dir='ltr'><strong>erat,</strong></span> 
     </span>
    </p>
   </div>
   <div class='ocr_carea' id='block_1_5' title="bbox 197 2119 506 2134">
    <p class='ocr_par' dir='ltr' id='par_1_8' title="bbox 197 2119 506 2134">
     <span class='ocr_line' id='line_1_18' title="bbox 197 2119 506 2134; baseline -0.013 0"><span class='ocrx_word' id='word_1_137' title='bbox 197 2119 506 2134; x_wconf 50' lang='grc' dir='ltr'><strong>μ·-</strong></span> 
     </span>
    </p>
   </div>
   <div class='ocr_carea' id='block_1_6' title="bbox 181 2183 1306 2638">
    <p class='ocr_par' dir='ltr' id='par_1_9' title="bbox 181 2183 1306 2638">
     <span class='ocr_line' id='line_1_19' title="bbox 265 2183 1306 2258; baseline 0 -18"><span class='ocrx_word' id='word_1_138' title='bbox 265 2187 294 2258; x_wconf 72' lang='lat'><strong>*)</strong></span> <span class='ocrx_word' id='word_1_139' title='bbox 308 2187 416 2257; x_wconf 62' lang='lat' dir='ltr'><strong>Pagdl.</strong></span> <span class='ocrx_word' id='word_1_140' title='bbox 430 2193 552 2254; x_wconf 89' lang='lat' dir='ltr'><strong>tanquam</strong></span> <span class='ocrx_word' id='word_1_141' title='bbox 564 2185 620 2252; x_wconf 88' lang='lat' dir='ltr'><strong>ipsa</strong></span> <span class='ocrx_word' id='word_1_142' title='bbox 629 2183 728 2237; x_wconf 85' lang='lat' dir='ltr'><strong>Notitia</strong></span> <span class='ocrx_word' id='word_1_143' title='bbox 739 2185 775 2236; x_wconf 93' lang='lat' dir='ltr'><strong>ita</strong></span> <span class='ocrx_word' id='word_1_144' title='bbox 783 2185 902 2251; x_wconf 77' lang='lat' dir='ltr'><strong>balteret,</strong></span> <span class='ocrx_word' id='word_1_145' title='bbox 912 2186 955 2237; x_wconf 87' lang='lat' dir='ltr'><strong>dat</strong></span> <span class='ocrx_word' id='word_1_146' title='bbox 966 2187 1018 2251; x_wconf 80' lang='lat' dir='ltr'><strong>„Ge</strong></span> <span class='ocrx_word' id='word_1_147' title='bbox 1030 2186 1306 2258; x_wconf 78' lang='lat' dir='ltr'><strong>Cnmmuadsmsnt(du</strong></span> 
     </span>
     <span class='ocr_line' id='line_1_20' title="bbox 199 2282 1305 2352; baseline 0 -14"><span class='ocrx_word' id='word_1_148' title='bbox 199 2286 258 2338; x_wconf 85' lang='lat' dir='ltr'><strong>Duc</strong></span> <span class='ocrx_word' id='word_1_149' title='bbox 270 2290 302 2336; x_wconf 85' lang='lat' dir='ltr'><strong>ou</strong></span> <span class='ocrx_word' id='word_1_150' title='bbox 313 2283 428 2338; x_wconf 83' lang='lat' dir='ltr'><strong>General</strong></span> <span class='ocrx_word' id='word_1_151' title='bbox 437 2285 471 2336; x_wconf 84' lang='lat' dir='ltr'><strong>du</strong></span> <span class='ocrx_word' id='word_1_152' title='bbox 485 2282 705 2334; x_wconf 68' lang='lat' dir='ltr'><strong>commendassent</strong></span> <span class='ocrx_word' id='word_1_153' title='bbox 714 2282 882 2352; x_wconf 80' lang='lat' dir='ltr'><strong>Armors&#39;qas)</strong></span> <span class='ocrx_word' id='word_1_154' title='bbox 894 2286 1025 2351; x_wconf 66' lang='lat' dir='ltr'><strong>respersae</strong></span> <span class='ocrx_word' id='word_1_155' title='bbox 1039 2284 1099 2351; x_wconf 77' lang='lat' dir='ltr'><strong>cinq</strong></span> <span class='ocrx_word' id='word_1_156' title='bbox 1108 2283 1248 2337; x_wconf 80' lang='lat' dir='ltr'><strong>Prusiam</strong></span> <span class='ocrx_word' id='word_1_157' title='bbox 1259 2301 1305 2338; x_wconf 67' lang='lat' dir='ltr'><strong>ss·</strong></span> 
     </span>
     <span class='ocr_line' id='line_1_21' title="bbox 199 2379 1306 2447; baseline -0.006 -12"><span class='ocrx_word' id='word_1_158' title='bbox 199 2383 286 2445; x_wconf 72' lang='lat' dir='ltr'><strong>tieret,</strong></span> <span class='ocrx_word' id='word_1_159' title='bbox 307 2384 420 2446; x_wconf 71' lang='lat' dir='ltr'><strong>censoir,</strong></span> <span class='ocrx_word' id='word_1_160' title='bbox 441 2381 478 2432; x_wconf 80' lang='lat' dir='ltr'><strong>les</strong></span> <span class='ocrx_word' id='word_1_161' title='bbox 497 2381 689 2447; x_wconf 81' lang='lat' dir='ltr'><strong>2Aquitniaes‚</strong></span> <span class='ocrx_word' id='word_1_162' title='bbox 708 2379 737 2429; x_wconf 83' lang='lat' dir='ltr'><strong>la</strong></span> <span class='ocrx_word' id='word_1_163' title='bbox 746 2381 898 2441; x_wconf 75' lang='lat' dir='ltr'><strong>Scaeuolae,</strong></span> <span class='ocrx_word' id='word_1_164' title='bbox 916 2380 944 2431; x_wconf 85' lang='lat' dir='ltr'><strong>lo</strong></span> <span class='ocrx_word' id='word_1_165' title='bbox 962 2382 1013 2432; x_wconf 63' lang='grc' dir='ltr'><strong>ΒΜ</strong></span> <span class='ocrx_word' id='word_1_166' title='bbox 1026 2380 1155 2447; x_wconf 71' lang='lat' dir='ltr'><strong>Apostolus</strong></span> <span class='ocrx_word' id='word_1_167' title='bbox 1175 2390 1199 2433; x_wconf 83' lang='lat' dir='ltr'><strong>ct</strong></span> <span class='ocrx_word' id='word_1_168' title='bbox 1217 2381 1245 2433; x_wconf 79' lang='lat' dir='ltr'><strong>la</strong></span> <span class='ocrx_word' id='word_1_169' title='bbox 1262 2386 1306 2437; x_wconf 77' lang='lat' dir='ltr'><strong>2de</strong></span> 
     </span>
     <span class='ocr_line' id='line_1_22' title="bbox 181 2475 1305 2551; baseline 0.003 -23"><span class='ocrx_word' id='word_1_170' title='bbox 181 2480 338 2548; x_wconf 12' lang='lat' dir='ltr'><strong>thyaneus,</strong></span> <span class='ocrx_word' id='word_1_171' title='bbox 359 2486 388 2528; x_wconf 89' lang='lat' dir='ltr'><strong>ct</strong></span> <span class='ocrx_word' id='word_1_172' title='bbox 407 2478 432 2527; x_wconf 75' lang='lat' dir='ltr'><strong>it</strong></span> <span class='ocrx_word' id='word_1_173' title='bbox 451 2476 572 2528; x_wconf 83' lang='lat' dir='ltr'><strong>s&#39;e&#39;tend</strong></span> <span class='ocrx_word' id='word_1_174' title='bbox 592 2492 716 2551; x_wconf 73' lang='lat' dir='ltr'><strong>encore</strong></span> <span class='ocrx_word' id='word_1_175' title='bbox 730 2478 875 2543; x_wconf 71' lang='lat' dir='ltr'><strong>jacquet</strong></span> <span class='ocrx_word' id='word_1_176' title='bbox 895 2475 980 2527; x_wconf 77' lang='lat' dir='ltr'><strong>duas</strong></span> <span class='ocrx_word' id='word_1_177' title='bbox 999 2475 1029 2527; x_wconf 87' lang='lat' dir='ltr'><strong>ls</strong></span> <span class='ocrx_word' id='word_1_178' title='bbox 1045 2493 1129 2546; x_wconf 75' lang='lat' dir='ltr'><strong>pays</strong></span> <span class='ocrx_word' id='word_1_179' title='bbox 1151 2477 1207 2530; x_wconf 80' lang='lat' dir='ltr'><strong>das</strong></span> <span class='ocrx_word' id='word_1_180' title='bbox 1226 2479 1305 2531; x_wconf 82' lang='lat' dir='ltr'><strong>Ner·</strong></span> 
     </span>
     <span class='ocr_line' id='line_1_23' title="bbox 198 2570 1305 2638; baseline -0.001 -10"><span class='ocrx_word' id='word_1_181' title='bbox 198 2577 307 2638; x_wconf 80' lang='lat' dir='ltr'><strong>uisas,</strong></span> <span class='ocrx_word' id='word_1_182' title='bbox 329 2571 425 2624; x_wconf 81' lang='lat' dir='ltr'><strong>c’est-ei</strong></span> <span class='ocrx_word' id='word_1_183' title='bbox 443 2572 499 2623; x_wconf 81' lang='lat' dir='ltr'><strong>dire</strong></span> <span class='ocrx_word' id='word_1_184' title='bbox 514 2573 620 2638; x_wconf 80' lang='lat' dir='ltr'><strong>jusqu’d</strong></span> <span class='ocrx_word' id='word_1_185' title='bbox 639 2571 827 2622; x_wconf 82' lang='lat' dir='ltr'><strong>l&#39;smbouclmre</strong></span> <span class='ocrx_word' id='word_1_186' title='bbox 846 2572 961 2625; x_wconf 82' lang='lat' dir='ltr'><strong>dulllu&#39;a</strong></span> <span class='ocrx_word' id='word_1_187' title='bbox 976 2571 1041 2624; x_wconf 79' lang='lat' dir='ltr'><strong>dans</strong></span> <span class='ocrx_word' id='word_1_188' title='bbox 1061 2570 1179 2624; x_wconf 85' lang='lat' dir='ltr'><strong>l’Ocean.</strong></span> <span class='ocrx_word' id='word_1_189' title='bbox 1199 2574 1305 2628; x_wconf 77' lang='lat' dir='ltr'><strong>Aiasils</strong></span> 
     </span>
    </p>
   </div>
   <div class='ocr_carea' id='block_1_7' title="bbox 1354 576 1371 2745">
    <p class='ocr_par' dir='ltr' id='par_1_10' title="bbox 1354 576 1371 2745">
     <span class='ocr_line' id='line_1_24' title="bbox 1354 576 1371 2745; baseline 0 0"><span class='ocrx_word' id='word_1_190' title='bbox 1354 576 1371 2745; x_wconf 95' lang='lat' dir='ltr'><strong> </strong></span> 
     </span>
    </p>
   </div>
   <div class='ocr_carea' id='block_1_8' title="bbox 201 2668 1304 2740">
    <p class='ocr_par' dir='ltr' id='par_1_11' title="bbox 201 2668 1304 2740">
     <span class='ocr_line' id='line_1_25' title="bbox 201 2668 1304 2740; baseline 0.002 -18"><span class='ocrx_word' id='word_1_191' title='bbox 201 2670 431 2725; x_wconf 72' lang='lat' dir='ltr'><strong>commendassent</strong></span> <span class='ocrx_word' id='word_1_192' title='bbox 443 2668 599 2735; x_wconf 73' lang='lat' dir='ltr'><strong>Arenariquc</strong></span> <span class='ocrx_word' id='word_1_193' title='bbox 613 2669 771 2737; x_wconf 73' lang='lat' dir='ltr'><strong>compressit</strong></span> <span class='ocrx_word' id='word_1_194' title='bbox 791 2669 855 2720; x_wconf 82' lang='lat' dir='ltr'><strong>trois</strong></span> <span class='ocrx_word' id='word_1_195' title='bbox 870 2670 940 2721; x_wconf 61' lang='lat' dir='ltr'><strong>cites</strong></span> <span class='ocrx_word' id='word_1_196' title='bbox 959 2669 989 2720; x_wconf 85' lang='lat' dir='ltr'><strong>de</strong></span> <span class='ocrx_word' id='word_1_197' title='bbox 1008 2669 1036 2719; x_wconf 83' lang='lat' dir='ltr'><strong>la</strong></span> <span class='ocrx_word' id='word_1_198' title='bbox 1053 2670 1163 2722; x_wconf 80' lang='lat' dir='ltr'><strong>seconde</strong></span> <span class='ocrx_word' id='word_1_199' title='bbox 1178 2671 1304 2740; x_wconf 75' lang='lat' dir='ltr'><strong>Belqiqac,</strong></span> 
     </span>
    </p>
   </div>
   <div class='ocr_carea' id='block_1_9' title="bbox 200 2763 1359 2863">
    <p class='ocr_par' dir='ltr' id='par_1_12' title="bbox 200 2756 1359 2863">
     <span class='ocr_line' id='line_1_26' title="bbox 200 2763 1359 2863; baseline -0.002 -42"><span class='ocrx_word' id='word_1_200' title='bbox 200 2769 314 2835; x_wconf 71' lang='lat' dir='ltr'><strong>censoir,</strong></span> <span class='ocrx_word' id='word_1_201' title='bbox 333 2765 397 2817; x_wconf 82' lang='lat' dir='ltr'><strong>celle</strong></span> <span class='ocrx_word' id='word_1_202' title='bbox 410 2765 441 2815; x_wconf 85' lang='lat' dir='ltr'><strong>ds</strong></span> <span class='ocrx_word' id='word_1_203' title='bbox 452 2763 592 2832; x_wconf 74' lang='lat' dir='ltr'><strong>Baetisque,</strong></span> <span class='ocrx_word' id='word_1_204' title='bbox 611 2763 674 2814; x_wconf 81' lang='lat' dir='ltr'><strong>celle</strong></span> <span class='ocrx_word' id='word_1_205' title='bbox 688 2763 732 2814; x_wconf 85' lang='lat' dir='ltr'><strong>des</strong></span> <span class='ocrx_word' id='word_1_206' title='bbox 746 2764 857 2829; x_wconf 69' lang='lat' dir='ltr'><strong>diarias,</strong></span> <span class='ocrx_word' id='word_1_207' title='bbox 876 2774 899 2815; x_wconf 85' lang='lat' dir='ltr'><strong>et</strong></span> <span class='ocrx_word' id='word_1_208' title='bbox 911 2767 978 2830; x_wconf 78' lang='lat' dir='ltr'><strong>enfin</strong></span> <span class='ocrx_word' id='word_1_209' title='bbox 990 2765 1054 2816; x_wconf 82' lang='lat' dir='ltr'><strong>celle</strong></span> <span class='ocrx_word' id='word_1_210' title='bbox 1064 2765 1108 2818; x_wconf 81' lang='lat' dir='ltr'><strong>des</strong></span> <span class='ocrx_word' id='word_1_211' title='bbox 1121 2767 1257 2833; x_wconf 64' lang='grc' dir='ltr'><strong>Νοννίου,</strong></span> <span class='ocrx_word' id='word_1_212' title='bbox 1266 2769 1307 2835; x_wconf 71' lang='lat' dir='ltr'><strong>qua*</strong></span> <span class='ocrx_word' id='word_1_213' title='bbox 1356 2774 1359 2863; x_wconf 53' lang='lat' dir='ltr'><strong>q</strong></span> 
     </span>
    </p>
   </div>
   <div class='ocr_carea' id='block_1_10' title="bbox 164 2861 1358 4095">
    <p class='ocr_par' dir='ltr' id='par_1_13' title="bbox 164 2861 1358 4095">
     <span class='ocr_line' id='line_1_27' title="bbox 199 2861 1358 2959; baseline -0.001 -41"><span class='ocrx_word' id='word_1_214' title='bbox 199 2866 262 2918; x_wconf 84' lang='lat' dir='ltr'><strong>e&#39;toit</strong></span> <span class='ocrx_word' id='word_1_215' title='bbox 275 2867 292 2915; x_wconf 82' lang='grc' dir='ltr'><em>ἀ</em></span> <span class='ocrx_word' id='word_1_216' title='bbox 305 2864 457 2914; x_wconf 76' lang='lat' dir='ltr'><strong>leelrc&#39;mt&#39;tc&#39;</strong></span> <span class='ocrx_word' id='word_1_217' title='bbox 474 2861 517 2912; x_wconf 78' lang='lat' dir='ltr'><strong>des</strong></span> <span class='ocrx_word' id='word_1_218' title='bbox 533 2861 628 2912; x_wconf 71' lang='lat' dir='ltr'><strong>Goulos</strong></span> <span class='ocrx_word' id='word_1_219' title='bbox 647 2869 670 2911; x_wconf 84' lang='lat' dir='ltr'><strong>ct</strong></span> <span class='ocrx_word' id='word_1_220' title='bbox 691 2861 805 2912; x_wconf 79' lang='lat' dir='ltr'><strong>tonebst&#39;t</strong></span> <span class='ocrx_word' id='word_1_221' title='bbox 823 2878 858 2911; x_wconf 85' lang='lat' dir='ltr'><strong>eu</strong></span> <span class='ocrx_word' id='word_1_222' title='bbox 869 2862 947 2913; x_wconf 79' lang='lat' dir='ltr'><strong>lllain.</strong></span> <span class='ocrx_word' id='word_1_223' title='bbox 969 2862 1009 2912; x_wconf 85' lang='lat' dir='ltr'><strong>Oa</strong></span> <span class='ocrx_word' id='word_1_224' title='bbox 1026 2865 1096 2914; x_wconf 76' lang='lat' dir='ltr'><strong>auoit</strong></span> <span class='ocrx_word' id='word_1_225' title='bbox 1115 2873 1305 2932; x_wconf 80' lang='lat' dir='ltr'><strong>apperemarettt</strong></span> <span class='ocrx_word' id='word_1_226' title='bbox 1355 2872 1358 2959; x_wconf 53' lang='lat' dir='ltr'><strong>p</strong></span> 
     </span>
     <span class='ocr_line' id='line_1_28' title="bbox 181 2958 1305 3030; baseline -0.002 -16"><span class='ocrx_word' id='word_1_227' title='bbox 181 2965 330 3030; x_wconf 69' lang='lat' dir='ltr'><strong>&#39;conforme&#39;</strong></span> <span class='ocrx_word' id='word_1_228' title='bbox 342 2960 407 3011; x_wconf 77' lang='lat' dir='ltr'><strong>dans</strong></span> <span class='ocrx_word' id='word_1_229' title='bbox 420 2958 444 3013; x_wconf 78' lang='lat' dir='ltr'><strong>lc</strong></span> <span class='ocrx_word' id='word_1_230' title='bbox 458 2959 826 3025; x_wconf 73' lang='lat' dir='ltr'><strong>GouaeraememArmoriqac</strong></span> <span class='ocrx_word' id='word_1_231' title='bbox 846 2968 869 3010; x_wconf 83' lang='lat' dir='ltr'><strong>ct</strong></span> <span class='ocrx_word' id='word_1_232' title='bbox 885 2959 999 3010; x_wconf 81' lang='lat' dir='ltr'><strong>Nsrnien</strong></span> <span class='ocrx_word' id='word_1_233' title='bbox 1018 2977 1060 3011; x_wconf 81' lang='lat' dir='ltr'><strong>css</strong></span> <span class='ocrx_word' id='word_1_234' title='bbox 1078 2962 1096 3012; x_wconf 87' lang='grc'><em>3</em></span> <span class='ocrx_word' id='word_1_235' title='bbox 1116 2961 1195 3026; x_wconf 70' lang='lat' dir='ltr'><strong>cua,</strong></span> <span class='ocrx_word' id='word_1_236' title='bbox 1216 2964 1305 3015; x_wconf 77' lang='lat' dir='ltr'><strong>sitas&#39;ss</strong></span> 
     </span>
     <span class='ocr_line' id='line_1_29' title="bbox 164 3055 1304 3124; baseline -0.001 -12"><span class='ocrx_word' id='word_1_237' title='bbox 164 3098 174 3111; x_wconf 80' lang='grc'>.</span> <span class='ocrx_word' id='word_1_238' title='bbox 199 3067 274 3112; x_wconf 76' lang='lat' dir='ltr'><strong>entre</strong></span> <span class='ocrx_word' id='word_1_239' title='bbox 293 3058 317 3109; x_wconf 83' lang='lat' dir='ltr'><strong>ls</strong></span> <span class='ocrx_word' id='word_1_240' title='bbox 327 3058 398 3110; x_wconf 75' lang='lat' dir='ltr'><strong>Atta</strong></span> <span class='ocrx_word' id='word_1_241' title='bbox 416 3065 440 3107; x_wconf 84' lang='lat' dir='ltr'><strong>et</strong></span> <span class='ocrx_word' id='word_1_242' title='bbox 456 3056 493 3107; x_wconf 81' lang='lat' dir='ltr'><strong>les</strong></span> <span class='ocrx_word' id='word_1_243' title='bbox 509 3056 607 3122; x_wconf 73' lang='lat' dir='ltr'><strong>confina</strong></span> <span class='ocrx_word' id='word_1_244' title='bbox 626 3055 656 3106; x_wconf 81' lang='lat' dir='ltr'><strong>dc</strong></span> <span class='ocrx_word' id='word_1_245' title='bbox 672 3055 700 3106; x_wconf 83' lang='lat' dir='ltr'><strong>la</strong></span> <span class='ocrx_word' id='word_1_246' title='bbox 718 3055 827 3106; x_wconf 81' lang='lat' dir='ltr'><strong>seconde</strong></span> <span class='ocrx_word' id='word_1_247' title='bbox 838 3055 965 3124; x_wconf 76' lang='lat' dir='ltr'><strong>Lysaniae</strong></span> <span class='ocrx_word' id='word_1_248' title='bbox 979 3058 1022 3124; x_wconf 78' lang='lat' dir='ltr'><strong>qui</strong></span> <span class='ocrx_word' id='word_1_249' title='bbox 1033 3064 1070 3108; x_wconf 77' lang='lat' dir='ltr'><strong>est</strong></span> <span class='ocrx_word' id='word_1_250' title='bbox 1087 3064 1162 3110; x_wconf 76' lang='lat' dir='ltr'><strong>notro</strong></span> <span class='ocrx_word' id='word_1_251' title='bbox 1173 3060 1304 3111; x_wconf 67' lang='lat' dir='ltr'><strong>Narmae-</strong></span> 
     </span>
     <span class='ocr_line' id='line_1_30' title="bbox 199 3153 1304 3226; baseline 0 -18"><span class='ocrx_word' id='word_1_252' title='bbox 199 3157 255 3221; x_wconf 68' lang='grc' dir='ltr'><strong>δίο,</strong></span> <span class='ocrx_word' id='word_1_253' title='bbox 274 3156 327 3222; x_wconf 76' lang='lat' dir='ltr'><strong>ofin</strong></span> <span class='ocrx_word' id='word_1_254' title='bbox 347 3172 393 3222; x_wconf 83' lang='lat' dir='ltr'><strong>que</strong></span> <span class='ocrx_word' id='word_1_255' title='bbox 412 3161 494 3205; x_wconf 82' lang='lat' dir='ltr'><strong>tontes</strong></span> <span class='ocrx_word' id='word_1_256' title='bbox 511 3153 549 3204; x_wconf 80' lang='lat' dir='ltr'><strong>les</strong></span> <span class='ocrx_word' id='word_1_257' title='bbox 568 3161 671 3221; x_wconf 82' lang='lat' dir='ltr'><strong>troupes</strong></span> <span class='ocrx_word' id='word_1_258' title='bbox 690 3160 715 3204; x_wconf 82' lang='lat' dir='ltr'><strong>et</strong></span> <span class='ocrx_word' id='word_1_259' title='bbox 741 3161 821 3204; x_wconf 75' lang='lat' dir='ltr'><strong>tontes</strong></span> <span class='ocrx_word' id='word_1_260' title='bbox 841 3153 877 3204; x_wconf 83' lang='lat' dir='ltr'><strong>les</strong></span> <span class='ocrx_word' id='word_1_261' title='bbox 895 3155 977 3220; x_wconf 70' lang='lat' dir='ltr'><strong>{lottes</strong></span> <span class='ocrx_word' id='word_1_262' title='bbox 995 3154 1121 3207; x_wconf 77' lang='lat' dir='ltr'><strong>destine&#39;cs</strong></span> <span class='ocrx_word' id='word_1_263' title='bbox 1140 3158 1158 3207; x_wconf 82' lang='grc' dir='ltr'><em>ἀ</em></span> <span class='ocrx_word' id='word_1_264' title='bbox 1175 3156 1203 3208; x_wconf 81' lang='lat' dir='ltr'><strong>la</strong></span> <span class='ocrx_word' id='word_1_265' title='bbox 1225 3156 1304 3226; x_wconf 70' lang='lat' dir='ltr'><strong>pardo</strong></span> 
     </span>
     <span class='ocr_line' id='line_1_31' title="bbox 199 3250 1303 3321; baseline -0.001 -14"><span class='ocrx_word' id='word_1_266' title='bbox 199 3255 244 3307; x_wconf 76' lang='lat' dir='ltr'><strong>des</strong></span> <span class='ocrx_word' id='word_1_267' title='bbox 263 3253 333 3305; x_wconf 78' lang='lat' dir='ltr'><strong>orites</strong></span> <span class='ocrx_word' id='word_1_268' title='bbox 351 3252 382 3304; x_wconf 87' lang='lat' dir='ltr'><strong>de</strong></span> <span class='ocrx_word' id='word_1_269' title='bbox 401 3251 429 3302; x_wconf 86' lang='lat' dir='ltr'><strong>lo</strong></span> <span class='ocrx_word' id='word_1_270' title='bbox 448 3251 531 3304; x_wconf 82' lang='lat' dir='ltr'><strong>Geule</strong></span> <span class='ocrx_word' id='word_1_271' title='bbox 549 3267 595 3301; x_wconf 81' lang='lat' dir='ltr'><strong>sur</strong></span> <span class='ocrx_word' id='word_1_272' title='bbox 613 3250 730 3314; x_wconf 66' lang='lat' dir='ltr'><strong>tticum,</strong></span> <span class='ocrx_word' id='word_1_273' title='bbox 751 3252 850 3317; x_wconf 72' lang='lat' dir='ltr'><strong>[essent</strong></span> <span class='ocrx_word' id='word_1_274' title='bbox 865 3268 923 3302; x_wconf 81' lang='lat' dir='ltr'><strong>sous</strong></span> <span class='ocrx_word' id='word_1_275' title='bbox 942 3251 979 3303; x_wconf 79' lang='lat' dir='ltr'><strong>les</strong></span> <span class='ocrx_word' id='word_1_276' title='bbox 998 3252 1088 3303; x_wconf 82' lang='lat' dir='ltr'><strong>ordm</strong></span> <span class='ocrx_word' id='word_1_277' title='bbox 1110 3253 1145 3304; x_wconf 84' lang='lat' dir='ltr'><strong>du</strong></span> <span class='ocrx_word' id='word_1_278' title='bbox 1163 3255 1243 3306; x_wconf 66' lang='lat' dir='ltr'><strong>meme</strong></span> <span class='ocrx_word' id='word_1_279' title='bbox 1257 3255 1303 3321; x_wconf 69' lang='lat'><strong>0!-</strong></span> 
     </span>
     <span class='ocr_line' id='line_1_32' title="bbox 196 3346 1303 3419; baseline -0.002 -17"><span class='ocrx_word' id='word_1_280' title='bbox 196 3352 284 3419; x_wconf 73' lang='lat' dir='ltr'><strong>ficier,</strong></span> <span class='ocrx_word' id='word_1_281' title='bbox 299 3350 333 3400; x_wconf 84' lang='lat' dir='ltr'><strong>du</strong></span> <span class='ocrx_word' id='word_1_282' title='bbox 351 3349 407 3400; x_wconf 85' lang='lat' dir='ltr'><strong>Due</strong></span> <span class='ocrx_word' id='word_1_283' title='bbox 427 3350 470 3416; x_wconf 85' lang='lat' dir='ltr'><strong>qui</strong></span> <span class='ocrx_word' id='word_1_284' title='bbox 490 3347 693 3398; x_wconf 82' lang='lat' dir='ltr'><strong>commanderoit</strong></span> <span class='ocrx_word' id='word_1_285' title='bbox 712 3346 777 3396; x_wconf 84' lang='lat' dir='ltr'><strong>dans</strong></span> <span class='ocrx_word' id='word_1_286' title='bbox 798 3363 827 3396; x_wconf 85' lang='lat' dir='ltr'><strong>ce</strong></span> <span class='ocrx_word' id='word_1_287' title='bbox 841 3348 1071 3411; x_wconf 72' lang='lat' dir='ltr'><strong>Gounerncment‘t.</strong></span> <span class='ocrx_word' id='word_1_288' title='bbox 1092 3349 1125 3401; x_wconf 87' lang='lat' dir='ltr'><strong>Et</strong></span> <span class='ocrx_word' id='word_1_289' title='bbox 1135 3349 1226 3416; x_wconf 90' lang='lat' dir='ltr'><strong>paullo</strong></span> <span class='ocrx_word' id='word_1_290' title='bbox 1238 3359 1303 3418; x_wconf 87' lang='lat' dir='ltr'><strong>post,</strong></span> 
     </span>
     <span class='ocr_line' id='line_1_33' title="bbox 199 3443 1303 3516; baseline -0.002 -16"><span class='ocrx_word' id='word_1_291' title='bbox 199 3446 278 3516; x_wconf 76' lang='lat' dir='ltr'><strong>ptt.</strong></span> <span class='ocrx_word' id='word_1_292' title='bbox 290 3445 403 3514; x_wconf 81' lang='lat' dir='ltr'><strong>sqhnic</strong></span> <span class='ocrx_word' id='word_1_293' title='bbox 424 3444 491 3495; x_wconf 84' lang='lat' dir='ltr'><strong>llnci</strong></span> <span class='ocrx_word' id='word_1_294' title='bbox 510 3445 649 3511; x_wconf 89' lang='lat' dir='ltr'><strong>imperium</strong></span> <span class='ocrx_word' id='word_1_295' title='bbox 670 3443 828 3493; x_wconf 89' lang='lat' dir='ltr'><strong>maritimum</strong></span> <span class='ocrx_word' id='word_1_296' title='bbox 848 3443 881 3493; x_wconf 86' lang='lat' dir='ltr'><strong>ab</strong></span> <span class='ocrx_word' id='word_1_297' title='bbox 897 3445 979 3514; x_wconf 27' lang='lat' dir='ltr'><strong>&#39;ostiis&#39;</strong></span> <span class='ocrx_word' id='word_1_298' title='bbox 998 3444 1084 3496; x_wconf 88' lang='lat' dir='ltr'><strong>Rheni</strong></span> <span class='ocrx_word' id='word_1_299' title='bbox 1104 3461 1189 3513; x_wconf 86' lang='lat' dir='ltr'><strong>usque</strong></span> <span class='ocrx_word' id='word_1_300' title='bbox 1211 3448 1243 3498; x_wconf 92' lang='lat' dir='ltr'><strong>ad</strong></span> <span class='ocrx_word' id='word_1_301' title='bbox 1255 3447 1303 3498; x_wconf 83' lang='lat' dir='ltr'><strong>La-</strong></span> 
     </span>
     <span class='ocr_line' id='line_1_34' title="bbox 200 3539 1302 3612; baseline 0.001 -18"><span class='ocrx_word' id='word_1_302' title='bbox 200 3544 310 3612; x_wconf 89' lang='lat' dir='ltr'><strong>purdum</strong></span> <span class='ocrx_word' id='word_1_303' title='bbox 335 3543 484 3611; x_wconf 70' lang='lat' dir='ltr'><strong>(deponas)</strong></span> <span class='ocrx_word' id='word_1_304' title='bbox 511 3539 645 3590; x_wconf 84' lang='lat' dir='ltr'><strong>adscribit.</strong></span> <span class='ocrx_word' id='word_1_305' title='bbox 682 3540 800 3606; x_wconf 79' lang='lat' dir='ltr'><strong>Apparet</strong></span> <span class='ocrx_word' id='word_1_306' title='bbox 828 3541 982 3607; x_wconf 85' lang='lat' dir='ltr'><strong>scriptorem</strong></span> <span class='ocrx_word' id='word_1_307' title='bbox 1007 3547 1147 3609; x_wconf 86' lang='lat' dir='ltr'><strong>utrumque</strong></span> <span class='ocrx_word' id='word_1_308' title='bbox 1174 3542 1302 3608; x_wconf 88' lang='lat' dir='ltr'><strong>ducatum,</strong></span> 
     </span>
     <span class='ocr_line' id='line_1_35' title="bbox 201 3637 1303 3709; baseline -0.002 -16"><span class='ocrx_word' id='word_1_309' title='bbox 201 3649 229 3694; x_wconf 89' lang='lat' dir='ltr'><strong>et</strong></span> <span class='ocrx_word' id='word_1_310' title='bbox 241 3641 349 3692; x_wconf 83' lang='lat' dir='ltr'><strong>Tractus</strong></span> <span class='ocrx_word' id='word_1_311' title='bbox 363 3641 528 3690; x_wconf 88' lang='lat' dir='ltr'><strong>Armoricaai</strong></span> <span class='ocrx_word' id='word_1_312' title='bbox 547 3637 743 3706; x_wconf 80' lang='lat' dir='ltr'><strong>Nervicanique</strong></span> <span class='ocrx_word' id='word_1_313' title='bbox 762 3646 788 3689; x_wconf 90' lang='lat' dir='ltr'><strong>et</strong></span> <span class='ocrx_word' id='word_1_314' title='bbox 807 3639 935 3709; x_wconf 84' lang='lat' dir='ltr'><strong>Belgicae</strong></span> <span class='ocrx_word' id='word_1_315' title='bbox 949 3641 1087 3693; x_wconf 80' lang='lat' dir='ltr'><strong>Secundae</strong></span> <span class='ocrx_word' id='word_1_316' title='bbox 1108 3642 1303 3693; x_wconf 78' lang='lat' dir='ltr'><strong>commiscuisset</strong></span> 
     </span>
     <span class='ocr_line' id='line_1_36' title="bbox 200 3735 1302 3803; baseline 0 -14"><span class='ocrx_word' id='word_1_317' title='bbox 200 3736 330 3803; x_wconf 89' lang='lat' dir='ltr'><strong>illumque</strong></span> <span class='ocrx_word' id='word_1_318' title='bbox 351 3738 429 3787; x_wconf 88' lang='lat' dir='ltr'><strong>etiam</strong></span> <span class='ocrx_word' id='word_1_319' title='bbox 450 3752 542 3788; x_wconf 87' lang='lat' dir='ltr'><strong>versus</strong></span> <span class='ocrx_word' id='word_1_320' title='bbox 557 3736 708 3803; x_wconf 82' lang='lat' dir='ltr'><strong>Hispaniam</strong></span> <span class='ocrx_word' id='word_1_321' title='bbox 728 3736 837 3786; x_wconf 90' lang='lat' dir='ltr'><strong>nimium</strong></span> <span class='ocrx_word' id='word_1_322' title='bbox 857 3735 1019 3801; x_wconf 78' lang='lat' dir='ltr'><strong>extendisse,</strong></span> <span class='ocrx_word' id='word_1_323' title='bbox 1036 3751 1084 3802; x_wconf 88' lang='lat' dir='ltr'><strong>per</strong></span> <span class='ocrx_word' id='word_1_324' title='bbox 1098 3743 1180 3788; x_wconf 88' lang='lat' dir='ltr'><strong>totam</strong></span> <span class='ocrx_word' id='word_1_325' title='bbox 1189 3738 1302 3789; x_wconf 77' lang='lat' dir='ltr'><strong>liuvent-</strong></span> 
     </span>
     <span class='ocr_line' id='line_1_37' title="bbox 201 3830 1303 3901; baseline -0.001 -18"><span class='ocrx_word' id='word_1_326' title='bbox 201 3831 370 3901; x_wconf 89' lang='lat' dir='ltr'><strong>populanam,</strong></span> <span class='ocrx_word' id='word_1_327' title='bbox 389 3832 458 3900; x_wconf 91' lang='lat' dir='ltr'><strong>quod</strong></span> <span class='ocrx_word' id='word_1_328' title='bbox 479 3847 574 3884; x_wconf 87' lang='lat' dir='ltr'><strong>vercor</strong></span> <span class='ocrx_word' id='word_1_329' title='bbox 592 3849 626 3883; x_wconf 94' lang='lat' dir='ltr'><strong>ne</strong></span> <span class='ocrx_word' id='word_1_330' title='bbox 645 3832 741 3883; x_wconf 83' lang='lat' dir='ltr'><strong>Rosius</strong></span> <span class='ocrx_word' id='word_1_331' title='bbox 760 3833 857 3883; x_wconf 88' lang='lat' dir='ltr'><strong>lecerit</strong></span> <span class='ocrx_word' id='word_1_332' title='bbox 877 3830 1019 3883; x_wconf 87' lang='lat' dir='ltr'><strong>nonnullis</strong></span> <span class='ocrx_word' id='word_1_333' title='bbox 1039 3834 1133 3899; x_wconf 87' lang='lat' dir='ltr'><strong>capitis</strong></span> <span class='ocrx_word' id='word_1_334' title='bbox 1152 3833 1203 3884; x_wconf 78' lang='lat' dir='ltr'><strong>XL.</strong></span> <span class='ocrx_word' id='word_1_335' title='bbox 1221 3834 1303 3885; x_wconf 83' lang='lat' dir='ltr'><strong>versi-</strong></span> 
     </span>
     <span class='ocr_line' id='line_1_38' title="bbox 200 3928 1303 3997; baseline -0.002 -14"><span class='ocrx_word' id='word_1_336' title='bbox 200 3929 266 3992; x_wconf 85' lang='lat' dir='ltr'><strong>bus,</strong></span> <span class='ocrx_word' id='word_1_337' title='bbox 289 3931 333 3997; x_wconf 87' lang='lat' dir='ltr'><strong>qui</strong></span> <span class='ocrx_word' id='word_1_338' title='bbox 358 3931 464 3979; x_wconf 88' lang='lat' dir='ltr'><strong>omnino</strong></span> <span class='ocrx_word' id='word_1_339' title='bbox 491 3928 523 3979; x_wconf 89' lang='lat' dir='ltr'><strong>ad</strong></span> <span class='ocrx_word' id='word_1_340' title='bbox 548 3929 617 3979; x_wconf 92' lang='lat' dir='ltr'><strong>bunc</strong></span> <span class='ocrx_word' id='word_1_341' title='bbox 637 3930 834 3980; x_wconf 85' lang='lat' dir='ltr'><strong>Armoricanum</strong></span> <span class='ocrx_word' id='word_1_342' title='bbox 863 3929 986 3980; x_wconf 89' lang='lat' dir='ltr'><strong>ducatum</strong></span> <span class='ocrx_word' id='word_1_343' title='bbox 1009 3943 1061 3979; x_wconf 91' lang='lat' dir='ltr'><strong>non</strong></span> <span class='ocrx_word' id='word_1_344' title='bbox 1085 3931 1235 3997; x_wconf 87' lang='lat' dir='ltr'><strong>pertinent,</strong></span> <span class='ocrx_word' id='word_1_345' title='bbox 1255 3930 1303 3981; x_wconf 87' lang='lat' dir='ltr'><strong>buc</strong></span> 
     </span>
     <span class='ocr_line' id='line_1_39' title="bbox 201 4006 1303 4095; baseline -0.003 -14"><span class='ocrx_word' id='word_1_346' title='bbox 201 4027 311 4081; x_wconf 83' lang='lat' dir='ltr'><strong>tractis:</strong></span> <span class='ocrx_word' id='word_1_347' title='bbox 334 4042 393 4076; x_wconf 86' lang='lat' dir='ltr'><strong>euru</strong></span> <span class='ocrx_word' id='word_1_348' title='bbox 420 4033 530 4077; x_wconf 89' lang='lat' dir='ltr'><strong>tractum</strong></span> <span class='ocrx_word' id='word_1_349' title='bbox 551 4027 596 4095; x_wconf 88' lang='lat' dir='ltr'><strong>qui</strong></span> <span class='ocrx_word' id='word_1_350' title='bbox 624 4026 656 4077; x_wconf 88' lang='lat' dir='ltr'><strong>ab</strong></span> <span class='ocrx_word' id='word_1_351' title='bbox 675 4006 862 4078; x_wconf 87' lang='lat' dir='ltr'><strong>Ambianorum</strong></span> <span class='ocrx_word' id='word_1_352' title='bbox 883 4025 988 4090; x_wconf 87' lang='lat' dir='ltr'><strong>tinibus,</strong></span> <span class='ocrx_word' id='word_1_353' title='bbox 1007 4028 1162 4095; x_wconf 22' lang='lat' dir='ltr'><strong>intralquos</strong></span> <span class='ocrx_word' id='word_1_354' title='bbox 1182 4027 1303 4081; x_wconf 80' lang='lat' dir='ltr'><strong>Samarae</strong></span> 
     </span>
    </p>
   </div>
   <div class='ocr_carea' id='block_1_11' title="bbox 1352 3566 1355 4154">
    <p class='ocr_par' dir='ltr' id='par_1_14' title="bbox 1352 3566 1355 4154">
     <span class='ocr_line' id='line_1_40' title="bbox 1352 3566 1355 4154; baseline 0 0"><span class='ocrx_word' id='word_1_355' title='bbox 1352 3566 1355 4154; x_wconf 95' lang='lat' dir='ltr'><strong> </strong></span> 
     </span>
    </p>
   </div>
   <div class='ocr_carea' id='block_1_12' title="bbox 201 4123 1304 4387">
    <p class='ocr_par' dir='ltr' id='par_1_15' title="bbox 201 4123 1304 4387">
     <span class='ocr_line' id='line_1_41' title="bbox 202 4123 1303 4193; baseline -0.004 -16"><span class='ocrx_word' id='word_1_356' title='bbox 202 4124 328 4193; x_wconf 76' lang='lat' dir='ltr'><strong>(Samene)</strong></span> <span class='ocrx_word' id='word_1_357' title='bbox 354 4126 421 4174; x_wconf 78' lang='lat' dir='ltr'><strong>(istiu</strong></span> <span class='ocrx_word' id='word_1_358' title='bbox 440 4131 516 4187; x_wconf 88' lang='lat' dir='ltr'><strong>sunt,</strong></span> <span class='ocrx_word' id='word_1_359' title='bbox 541 4125 747 4190; x_wconf 87' lang='lat' dir='ltr'><strong>septentrionem</strong></span> <span class='ocrx_word' id='word_1_360' title='bbox 772 4140 863 4175; x_wconf 80' lang='lat' dir='ltr'><strong>versus</strong></span> <span class='ocrx_word' id='word_1_361' title='bbox 888 4123 1097 4186; x_wconf 81' lang='lat' dir='ltr'><strong>extendebatur,</strong></span> <span class='ocrx_word' id='word_1_362' title='bbox 1121 4124 1171 4175; x_wconf 86' lang='lat' dir='ltr'><strong>sub</strong></span> <span class='ocrx_word' id='word_1_363' title='bbox 1198 4125 1303 4192; x_wconf 87' lang='lat' dir='ltr'><strong>proprio</strong></span> 
     </span>
     <span class='ocr_line' id='line_1_42' title="bbox 201 4219 1304 4290; baseline -0.002 -18"><span class='ocrx_word' id='word_1_364' title='bbox 201 4221 329 4290; x_wconf 82' lang='lat' dir='ltr'><strong>Belgicae</strong></span> <span class='ocrx_word' id='word_1_365' title='bbox 351 4219 488 4271; x_wconf 82' lang='lat' dir='ltr'><strong>Secundae</strong></span> <span class='ocrx_word' id='word_1_366' title='bbox 509 4221 583 4272; x_wconf 87' lang='lat' dir='ltr'><strong>Duce</strong></span> <span class='ocrx_word' id='word_1_367' title='bbox 609 4221 690 4272; x_wconf 88' lang='lat' dir='ltr'><strong>luisse</strong></span> <span class='ocrx_word' id='word_1_368' title='bbox 715 4224 836 4289; x_wconf 85' lang='lat' dir='ltr'><strong>sequenti</strong></span> <span class='ocrx_word' id='word_1_369' title='bbox 863 4225 950 4288; x_wconf 88' lang='lat' dir='ltr'><strong>capite</strong></span> <span class='ocrx_word' id='word_1_370' title='bbox 975 4222 1109 4273; x_wconf 80' lang='lat' dir='ltr'><strong>docentur.</strong></span> <span class='ocrx_word' id='word_1_371' title='bbox 1139 4220 1206 4273; x_wconf 84' lang='lat' dir='ltr'><strong>Vide</strong></span> <span class='ocrx_word' id='word_1_372' title='bbox 1226 4222 1304 4272; x_wconf 90' lang='lat' dir='ltr'><strong>ctiam</strong></span> 
     </span>
     <span class='ocr_line' id='line_1_43' title="bbox 203 4316 1235 4387; baseline 0 -18"><span class='ocrx_word' id='word_1_373' title='bbox 203 4316 321 4370; x_wconf 87' lang='lat' dir='ltr'><strong>ciusdem</strong></span> <span class='ocrx_word' id='word_1_374' title='bbox 342 4316 411 4368; x_wconf 85' lang='lat' dir='ltr'><strong>Bosii</strong></span> <span class='ocrx_word' id='word_1_375' title='bbox 434 4317 639 4383; x_wconf 84' lang='lat' dir='ltr'><strong>disputationem</strong></span> <span class='ocrx_word' id='word_1_376' title='bbox 662 4319 687 4368; x_wconf 88' lang='lat' dir='ltr'><strong>in</strong></span> <span class='ocrx_word' id='word_1_377' title='bbox 707 4318 834 4369; x_wconf 85' lang='lat' dir='ltr'><strong>interiore</strong></span> <span class='ocrx_word' id='word_1_378' title='bbox 852 4325 912 4368; x_wconf 89' lang='lat' dir='ltr'><strong>nota</strong></span> <span class='ocrx_word' id='word_1_379' title='bbox 933 4316 965 4370; x_wconf 93' lang='lat' dir='ltr'><strong>ad</strong></span> <span class='ocrx_word' id='word_1_380' title='bbox 985 4317 1235 4387; x_wconf 55' lang='lat' dir='ltr'><strong>pibbfptdsq.</strong></span> 
     </span>
    </p>
   </div>
   <div class='ocr_carea' id='block_1_13' title="bbox 1348 4427 1363 4494">
    <p class='ocr_par' dir='ltr' id='par_1_16' title="bbox 1348 4427 1363 4494">
     <span class='ocr_line' id='line_1_44' title="bbox 1348 4427 1363 4494; baseline 0 0"><span class='ocrx_word' id='word_1_381' title='bbox 1348 4427 1363 4494; x_wconf 85' lang='lat' dir='ltr'><strong>l</strong></span> 
     </span>
    </p>
   </div>
   <div class='ocr_carea' id='block_1_14' title="bbox 152 4497 1367 4567">
    <p class='ocr_par' dir='ltr' id='par_1_17' title="bbox 152 4497 1367 4567">
     <span class='ocr_line' id='line_1_45' title="bbox 152 4497 1367 4567; baseline -0.008 -12"><span class='ocrx_word' id='word_1_382' title='bbox 152 4497 1367 4567; x_wconf 52' lang='lat' dir='ltr'><strong>qwss</strong></span> 
     </span>
    </p>
   </div>
   <div class='ocr_carea' id='block_1_15' title="bbox 0 0 1464 4914">
    <p class='ocr_par' dir='ltr' id='par_1_18' title="bbox 0 0 1464 4914">
     <span class='ocr_line' id='line_1_46' title="bbox 0 0 1464 4914; baseline 0 0"><span class='ocrx_word' id='word_1_383' title='bbox 0 0 1464 4914; x_wconf 95' lang='lat' dir='ltr'><strong> </strong></span> 
     </span>
    </p>
   </div>
  </div>
 </body>
</html>
