2918 4914
93 251 1290 295 ⁴==—-—---—-—==::·-=—--=—-.——-==n

275 347 278 357 Ι
315 411 534 459 emmim.
549 389 788 461 mrue.102*.
804 392 1075 491 tt.1b...18.sq.
1156 395 1245 470 783*

143 616 229 672 cutus
240 611 390 673 Mannert.
405 628 433 691 p.
447 609 518 674 623.
533 611 612 691 apud
634 611 731 690 ipsum
750 611 893 692 oppidum
909 610 1091 694 osterhofen
1104 617 1242 694 (llassel.

141 720 160 781 l.
176 739 202 783 c.
217 723 280 799 l),
305 721 457 784 ltinerarii
479 721 636 799 numeris,
658 728 690 784 ut
714 721 849 800 ridetur,
875 725 949 786 moti
980 725 1040 787 sibi
1068 730 1244 807 repperisse

141 831 315 910 stationem,
340 831 379 892 de
401 848 462 913 quo
481 831 613 913 agimus,
631 831 691 894 visi
712 838 792 896 sunt.
816 833 848 895 in
869 852 916 897 eo·
931 851 1053 915 quoque
1067 837 1245 903 Mannertus
1316 914 1321 925 Ι

139 958 246 1020 parum
278 948 437 1005 recurabis
473 942 545 1021 luit,
570 942 652 1023 quod
680 944 778 1005 rivum
803 961 899 1025 prope
925 943 1071 1026 Kioninp,
1098 948 1183 1026 sive,
1211 953 1245 1010 ut

141 1051 207 1141 ipse
235 1052 336 1130 dedit,
360 1050 508 1128 Kourna,
530 1060 600 1116 esse
620 1054 757 1136 negavit.
810 1054 885 1118 Cum
905 1054 1068 1118 Buchnero
1093 1057 1245 1120 Reichar-

139 1160 196 1222 dus
217 1160 421 1243 Wiacltelburp
450 1163 552 1240 tertie
582 1164 729 1244 Lapieus,
764 1182 854 1245 quem
879 1165 992 1256 refutat
1020 1166 1149 1247 Eugipp.
1169 1166 1243 1247 l.c.,

138 1270 268 1333 london
287 1273 326 1336 ad
341 1272 458 1336 Isaram
470 1274 500 1335 ll.
538 1273 664 1337 blulzeri
686 1275 902 1338 commentatio
917 1292 1009 1356 supra
1024 1266 1242 1355 (plblbjeit.

139 1384 213 1446 mihi
237 1366 318 1448 n'nnc
347 1403 410 1448 non
438 1391 486 1448 est
508 1386 540 1447 in
562 1391 712 1467 promptu.
762 1385 940 1449 Pancirolus
964 1385 1042 1449 haec
1066 1387 1243 1450 annotavit:

139 1495 311 1576 „Quintana
332 1497 382 1559 sia
406 1503 472 1559 erat
493 1497 582 1560 Festo
608 1503 638 1560 et
657 1498 794 1578 ‘Vegetio
819 1497 960 1575 (11.93.)
985 1496 1016 1557 in
1041 1494 1168 1577 castris,
1191 1496 1245 1560 ubi

138 1588 239 1670 lorum
261 1625 363 1669 rerum
387 1607 551 1686 venalium,
575 1608 657 1672 etin
679 1625 737 1688 qua
757 1607 868 1670 milites
885 1607 1111 1671 exercebantur
1126 1607 1166 1670 ud
1187 1626 1246 1688 pa-

138 1715 210 1779 lum.
224 1717 283 1792 [Cl.
298 1716 942 1799 llygin.gromut.p.lbtt.·inl‘lres.Graev.
954 1723 1026 1779 torn.
1037 1715 1074 1778 X.
1086 1736 1112 1779 c.
1122 1715 1243 1780 Scheel.

138 1832 255 1903 annot]
279 1828 357 1890 Hinc
373 1827 463 1890 ludus
479 1827 657 1902 Quintanas
673 1825 801 1906 prodiit,
818 1844 878 1906 quo
902 1827 988 1889 haste
1011 1828 1129 1907 equites
1153 1846 1245 1891 exer-

140 1942 248 1999 centur
270 1938 318 2012 (L.
331 1936 383 1999 ult.
398 1937 518 2000 Graeca
538 1943 568 2000 et
582 1937 614 1999 L.
628 1938 655 1998 1.
668 1936 700 1998 C.
715 1936 754 1998 de
769 1935 927 2001 aleatorib.
943 1934 1118 2018 [lttstssqu
1142 1940 1172 2001 et
1184 1936 1246 1999 lio-

139 2045 190 2109 die
214 2046 358 2127 frequens
379 2051 426 2109 est
445 2047 476 2107 in
497 2045 604 2109 Galliis
628 2051 658 2108 et
678 2044 774 2108 ltulia.
822 2045 896 2107 lnde
918 2045 999 2107 forte
1018 2046 1072 2108 bic
1093 2046 1181 2108 loeus
1198 2051 1245 2108 est

139 2156 364 2221 denominatus.
407 2154 582 2230 Quintionis
603 2154 679 2236 legit
703 2153 905 2216 ltinerarium.
941 2154 1099 2233 Altetiis,
1120 2156 1261 2247 ubieu-¹

139 2265 287 2345 cubabat,
313 2266 390 2328 haee
420 2265 467 2328 ala
498 2271 546 2328 est
578 2262 783 2327 denominata.
830 2264 1000 2344 sequentes
1033 2281 1095 2358 non
1130 2264 1246 2328 hebent
1347 2340 1349 2345 Ι

138 2376 259 2457 depicta
278 2381 407 2439 casune.

223 2525 263 2535 —
285 2487 473 2566 ll·18·⁵(l·]
496 2483 588 2547 Nouo
608 2479 744 2564 obeb,
775 2483 883 2546 Nouae
909 2480 1010 2564 retem
1040 2485 1189 2548 Mannert.
1214 2501 1243 2563 p.

138 2594 210 2660 bat.
224 2614 385 2677 perperam
407 2614 509 2658 rronoe
529 2598 606 2680 legit
627 2570 711 2679 Catio
731 2603 841 2658 nconte
860 2593 1049 2658 Botooiselrc
1063 2592 1245 2673 Coborta“);

139 2706 178 2768 le
202 2713 273 2769 octo
296 2706 478 2770 Batavorum
503 2708 683 2770 cohortibus
712 2707 833 2770 Tacitus
858 2706 968 2783 babet,
994 2710 1026 2767 ut
1055 2704 1094 2767 ad
1116 2704 1244 2784 p.1tt*.

137 2817 182 2891 ll.
196 2817 225 2878 6.
239 2833 285 2897 sq.
308 2816 476 2880 indicatum
498 2825 561 2896 est,
587 2819 626 2880 de
655 2816 746 2879 Nono
767 2817 842 2879 nihil
867 2822 1055 2896 compertum
1086 2813 1245 2892 lrabernuS,

139 2926 221 3006 quod
242 2926 382 3006 equidem
407 2928 513 2990 sciam.
544 2934 681 2991 ceterum
703 2926 842 3008 „Cohors
866 2924 975 2987 Nono‘t
999 2943 1063 2988 non
1086 2941 1147 2985 uno
1173 2923 1269 2986 loco·

138 3035 170 3096 in
192 3035 250 3099 hae
272 3012 471 3117 ipsaNotitia
495 3037 617 3120 legitur,
630 3055 732 3118 neque
755 3037 832 3117 haec
855 3035 1018 3117 appellatio
1040 3034 1121 3096 idem
1144 3032 1247 3114 signi-

138 3145 209 3208 licat
231 3147 312 3227 quod
336 3147 470 3209 cohortis
492 3165 593 3209 nonno
623 3149 774 3222 tironum,
804 3164 883 3227 quae
904 3147 1017 3228 passim
1040 3145 1071 3205 in
1092 3142 1245 3223 lapidibus

139 3256 269 3338 lapiton
293 3257 349 3320 sed
372 3276 484 3320 noram
505 3277 572 3320 eam
596 3258 658 3333 dici
684 3258 886 3321 consuevisse
906 3262 1006 3337 putem
1029 3272 1106 3335 quae
1129 3268 1247 3332 „nuper

126 3360 297 3429 ‘restitutas
320 3367 436 3446 luerat,
461 3374 494 3428 ut
518 3369 594 3431 baec
614 3367 729 3431 Notitia
763 3367 802 3430 do
825 3366 892 3429 Alis
915 3382 1032 3444 „nuper
1053 3360 1246 3425 constitutis“

139 3475 323 3556 aliquotiens
347 3477 405 3557 [el.
418 3477 487 3540 Not.
502 3478 553 3541 Or.
567 3496 595 3556 p.
609 3476 659 3539 68.
675 3476 744 3553 96.)
761 3477 949 3539 mentionem
974 3474 1056 3536 lacit.
1103 3471 1247 3536 *Batavo-

139 3603 207 3648 rum
230 3586 374 3649 colrortes
395 3594 519 3668 praeter
540 3587 621 3650 hanc
642 3604 764 3664 novum,
781 3585 849 3648 lroc
869 3601 931 3647 uno
945 3583 1017 3646 loco
1035 3587 1245 3662 memoratum,
1275 3590 1279 3602 ’

93 3752 96 3763 ,
139 3703 170 3773 et
193 3698 249 3759 sub
278 3697 364 3760 Duce
385 3698 608 3761 Britanniarum
640 3698 834 3764 constitutam
856 3694 1004 3773 Primam,
1036 3712 1124 3776 quarn
1153 3710 1248 3756 unum

131 3806 274 3888 ·‹liploma
296 3809 427 3871 militare
450 3827 589 3890 unusque
612 3806 869 3889 lapisexhibent,
891 3804 1031 3869 subsidia
1047 3802 1247 3887 epigraphica

140 3917 240 3982 nullas
270 3920 445 3998 celebrant,
470 3938 570 4001 neque
596 3919 672 3983 Alos
695 3918 904 4016 batavorum
924 3922 1031 3978 contra
1055 3915 1248 3996 frequentior

144 4073 478 4087 m-

242 4171 270 4237 *J
295 4169 407 4222 Heraclii
427 4172 635 4234 annotationem,
655 4169 809 4235 Osterbotcn
828 4184 888 4219 esse
908 4165 1003 4220 Castro
1019 4167 1173 4220 l'roetcnsio
1191 4165 1247 4214 lto-

141 4281 294 4331 mnnorum,
315 4281 367 4316 non
389 4283 419 4317 ex
441 4269 496 4333 ipsa
516 4267 577 4318 Tab.
597 4267 670 4316 Peut.
685 4264 703 4315 l.
718 4282 739 4316 c.
759 4264 787 4316 P.
801 4265 911 4317 llemib⁹
928 4265 1011 4335 (quod
1031 4281 1063 4315 ex
1084 4265 1111 4315 Ρ.
1130 4258 1246 4324 lsnrcns.

140 4370 245 4415 enatum
259 4380 323 4421 ,esso
344 4363 459 4429 ridetur,
479 4365 496 4415 i.
509 4379 532 4414 c.
546 4363 612 4415 Pons
631 4362 736 4433 lsaroc)
754 4368 884 4431 sumptam
903 4377 962 4415 esse
981 4368 1098 4429 apparet.
1258 4355 1261 4359 ’

93 4475 1324 4607 πως-Α
