2918 4914
166 234 1381 363 §mhi

215 404 222 419 ²
241 380 332 456 700*
354 401 524 493 arnonus
541 400 617 451 nor.
629 400 702 450 oce.
722 398 910 448 cursuum.
925 372 992 449 brx
1006 395 1156 450 ruomno.
1170 398 1335 452 nauum.

241 621 310 685 pec.
325 602 399 681 [mil.
409 602 473 665 ΧΗ.
487 601 563 683 37.],
587 603 619 667 L.
634 600 686 664 ult.
704 601 737 664 C.
752 600 791 677 de
810 617 914 681 appar.
933 598 976 663 Pi.
988 595 1019 662 P.
1035 599 1113 676 [ΧΠ.
1128 598 1216 681 5313ι
1259 598 1336 664 Satis

241 719 357 777 certum
390 719 436 775 est
467 727 566 792 neque
601 711 639 775 ad
670 712 781 777 Savum
811 728 912 793 neque
940 711 971 773 in
995 708 1151 774 Pannonia
1186 709 1336 773 Inferiore

241 822 389 886 collocari
400 823 579 886 Crumerum
602 822 640 884 ab
661 821 740 901 ull03
760 821 864 885 sedin
886 821 946 884 situ
967 821 1142 886 accuratius
1162 818 1336 885 deliniendo

241 932 426 997 dissentiunt
448 933 656 997 recentiores:
686 937 812 1013 propter
830 932 964 995 nominis
986 929 1216 996 similitudinem
1237 930 1336 995 mexi-

239 1061 288 1106 me
309 1042 457 1106 Crumero
480 1059 591 1105 nomen
608 1040 1101 1121 civilatisComoronssccmorn,
1122 1041 1161 1106 ad
1177 1040 1338 1105 confluen-

240 1157 286 1215 tes
308 1152 410 1236 Waag
433 1151 560 1230 (Cusum
569 1151 603 1231 9)
629 1157 659 1213 et
684 1150 855 1215 Danubium
877 1152 956 1215 sitae
976 1151 1286 1232 (cf.b1arsil.l.c.]‚
1307 1150 1338 1213 in

240 1279 300 1343 qua
324 1280 392 1325 cum
405 1261 536 1327 simlero
558 1279 620 1325 non
636 1261 710 1325 nulli
733 1261 806 1325 illud
826 1263 1034 1344 quaerendum
1057 1280 1128 1326 esse
1150 1261 1268 1341 volunt,
1284 1278 1337 1324 re·

240 1372 426 1454 sponderet3
447 1371 571 1435 nimium
595 1390 671 1437 vero
693 1374 727 1437 lt.
743 1373 815 1436 Ant.
829 1378 990 1456 repugnat.
1021 1369 1337 1436 undebiannertusin

241 1481 354 1563 oppido
377 1481 473 1562 Gran,
495 1481 577 1563 quod
599 1483 705 1546 Latine
727 1483 917 1567 Strigonium
939 1480 1338 1568 (Hungaricellsaterpesa)
1379 1500 1381 1539 :

239 1591 333 1676 vulgo
357 1591 486 1672 dicitur,
509 1592 610 1656 locum
634 1611 705 1658 esse
726 1595 863 1676 putavit,
894 1614 912 1658 a
941 1612 1001 1676 quo
1030 1594 1191 1659 meridiem
1217 1608 1336 1670 uersus,
1378 1556 1381 1689 4

240 1702 365 1785 propius
382 1701 420 1765 ad
442 1702 605 1782 Acincum,
627 1720 645 1766 e
665 1702 797 1786 regione
817 1687 936 1767 insulae
956 1704 987 1769 S.
1000 1703 1147 1767 Andreae
1165 1702 1233 1783 ipse
1245 1716 1340 1782 quee-

240 1805 378 1893 sirerim,
403 1830 503 1895 neque
521 1830 597 1877 vero
622 1814 723 1878 statim
745 1831 837 1895 supra
850 1813 1012 1891 Acincum,
1036 1820 1069 1875 ut
1088 1813 1261 1893 Sprunerus
1275 1808 1339 1874 col-

239 1923 365 1988 locavit.
408 1923 600 1989 Reicbardus
619 1924 746 2003 ,ruinae
760 1924 844 1985 iuxta
857 1919 1006 2002 Vuduca“,
1018 1922 1168 1987 Sestinius
1179 1918 1337 2002 (lioppio)
1378 1936 1381 2063 ι

241 2041 272 2099 et
292 2033 493 2116 Hormaprius
516 2031 658 2114 Neadors
668 2051 693 2095 s.
705 2031 860 2114 Nperpes-
875 2032 1008 2116 (Hassel.
1022 2051 1051 2114 p.
1064 2030 1153 2095 eoo:
1169 2029 1339 2112 Nequeo)
1378 2066 1381 2119 ,

245 2143 360 2226 lljsolu,
380 2143 529 2207 territorii
551 2142 789 2226 strigoniensis,
811 2141 985 2206 Mucharius
1004 2141 1105 2222 ,inter
1127 2138 1294 2221 Oberpollo
1312 2143 1340 2202 et
1377 2124 1381 2251 f

241 2242 383 2319 Borow“.
405 2255 451 2319 ct.
462 2272 554 2336 supra
569 2253 608 2317 ad
621 2255 649 2330 l.
659 2253 689 2317 3.
703 2258 858 2319 annotata.
889 2253 1038 2317 Mannerti
1050 2253 1231 2331 sententiae,
1251 2269 1339 2335 mam
1378 2260 1381 2353 j

241 2367 413 2447 Sprunerus
441 2364 532 2427 etiam
562 2369 685 2427 secutus
714 2381 784 2427 esse
807 2363 946 2443 videtur,
969 2363 1146 2427 Crumerum
1171 2380 1241 2426 eum
1264 2359 1338 2426 Ptol.
1379 2366 1381 2381 '

242 2471 376 2562 Κούρτᾳ
398 2474 479 2538 idem
495 2474 637 2555 oppidum
658 2475 765 2553 fuisse,
787 2491 849 2536 non
864 2473 1110 2555 subscripserim,
1123 2479 1213 2555 atque
1229 2473 1339 2556 ignoro

241 2602 301 2665 qua
323 2584 363 2647 de
386 2601 495 2648 caussa
508 2582 709 2663 ,Grumeroa“
726 2584 920 2648 recentiores
941 2583 1046 2647 dicant
1067 2602 1132 2649 sec.
1149 2582 1259 2647 cellar.
1276 2582 1298 2646 1.
1310 2599 1338 2664 p.

242 2692 315 2757 454.
330 2702 360 2772 §-
373 2693 425 2759 39.

325 2844 365 2858 -
386 2805 414 2882 p.
441 2806 504 2888 19.]
524 2805 615 2888 solue
629 2807 688 2885 ov,
712 2804 811 2869 Soloe
825 2809 909 2886 c¹¹2¹⁵‚
931 2803 1046 2869 Soleae
1064 2804 1119 2873 att.
1162 2801 1242 2867 Vide
1259 2800 1297 2866 ad
1311 2802 1337 2878 l.

242 2914 273 2978 3.
284 2920 440 2980 annotata.
1224 2996 1231 3008 ³

326 3060 368 3074 -
389 3025 417 3102 l.
444 3023 506 3100 13]
529 3022 580 3087 Ad
599 3023 761 3090 Herculem
777 3026 892 3090 Castro
912 3045 977 3092 sec.
990 3028 1025 3090 lt.
1039 3027 1110 3090 Anl.
1125 3042 1218 3107 supra
1238 3022 1279 3087 ad
1295 3021 1339 3101 ἣ.

246 3135 328 3216 1.sq.
341 3132 508 3198 exhibitum
530 3153 548 3198 a
570 3133 658 3214 Cirpi
678 3138 777 3213 (inira
792 3135 950 3218 Vioeprod,
972 3139 1012 3202 ci.
1024 3154 1090 3218 seq.
1101 3138 1146 3217 i.)
1155 3135 1194 3200 Μ.
1204 3134 1234 3197 Ρ.
1245 3132 1339 3212 xlta
1379 3164 1381 3193 t

242 3241 451 3323 Salarama
464 3244 559 3323 Gran,
583 3246 622 3309 cl.
638 3245 679 3309 ad
690 3247 718 3324 p.
731 3246 779 3324 3.)
789 3248 828 3311 Μ.
837 3247 867 3310 Ρ.
876 3248 957 3312 Vllll
976 3248 1135 3325 afuerunt3
1157 3244 1269 3309 Larius
1278 3242 1339 3308 ΧΠ.

209 3422 218 3435 Ι
243 3355 342 3432 9,19.
364 3355 477 3419 frustra
507 3354 538 3417 in
561 3354 631 3417 vico
653 3357 683 3420 S.
700 3356 847 3421 Andreae
871 3376 910 3423 ea
937 3357 1085 3441 quaesiit3
1113 3358 1290 3421 Mannerlus
1311 3352 1340 3414 in

245 3465 479 3530 meridionalem
506 3466 723 3530 conversionis
753 3466 887 3532 Danubii
914 3468 1075 3552 angulum,
1098 3466 1289 3534 Reicbardus
1311 3465 1340 3527 in

244 3576 366 3656 ,ruinas
389 3576 472 3639 iusta
498 3573 838 3659 tessaradecades
861 3580 893 3642 in
917 3578 1060 3661 oppidum
1075 3578 1162 3641 Gran
1180 3576 1338 3641 collocant.

243 3686 287 3748 lta
311 3684 496 3751 bischoffius
519 3686 609 3751 etiam
631 3687 837 3771 Mollerusque
850 3709 879 3753 v.
889 3688 940 3752 Ad
954 3688 1116 3753 Herculem
1135 3688 1219 3752 hunc
1242 3687 1339 3752 locum

244 3796 312 3857 cum
324 3793 421 3875 Carpi
433 3796 501 3860 sive
514 3795 600 3876 corpe·
622 3799 814 3863 conArndunt
834 3801 994 3884 ipsumque
1016 3799 1160 3882 oppidum
1171 3799 1257 3862 Gran
1276 3812 1341 3881 esse

243 3905 443 3987 scripserunt.
487 3907 665 3972 Pancirolns
687 3911 769 3974 bunc
790 3911 892 3974 locum
915 3932 932 3975 a
953 3911 1140 3995 cognomine
1161 3910 1214 3992 qui
1234 3926 1264 3991 p.
1277 3908 1340 3972 91‘.

145 4018 149 4025 ’
242 4017 270 4092 l.
282 4016 333 4080 93.
358 4016 397 4080 cf.
412 4017 440 4093 t.
453 4018 503 4081 97.
520 4025 711 4100 recensetur,
735 4021 891 4085 diuersum
909 4039 972 4085 non
992 4022 1089 4087 fuisse
1108 4020 1168 4085 sibi
1186 4034 1341 4103 perperam

244 4127 413 4208 sumpsisse
435 4127 575 4207 videtur,
607 4130 746 4211 manvia
779 4132 846 4213 ipse
874 4132 1058 4213 Stephanum
1081 4130 1193 4215 viginti
1222 4128 1344 4194 nomine

1378 2614 1381 2699 i

244 4234 386 4299 Herculis
405 4236 497 4300 urbes
508 4255 684 4307 ,recensere
705 4241 908 4305 annotaverit.
953 4241 1093 4305 Dubitari
1113 4246 1224 4323 potest,
1248 4246 1344 4303 utrum

244 4345 324 4413 baec
346 4353 448 4413 castra
469 4347 507 4412 ab
534 4348 634 4430 intra,
655 4351 683 4428 l.
698 4352 768 4432 93,
791 4352 901 4435 positis
924 4352 1049 4418 diversa
1075 4351 1190 4419 luerint
1212 4368 1274 4415 nec
1295 4348 1344 4429 de,

195 4556 1381 4605 (Μ
