2918 4914
181 245 1425 298 §dm-‘mu

255 390 370 469 1064*
384 418 500 471 aanor.
509 416 833 467 eononoceeaaxn.
843 419 1094 469 maarosrrvmr
1103 417 1357 470 naumurum.

255 555 337 562 -.
367 558 421 563 .-,..
562 557 570 561 -
612 558 615 561 r
724 558 748 562 ..st
787 558 797 562 ..
815 558 841 562 .>
884 557 889 563 .
902 558 912 562 ..
942 558 959 563 ..
971 559 975 562 .
1050 559 1054 562 .
1102 560 1107 563 .
1122 560 1126 564 .
1189 560 1231 565 ..-0
1252 560 1356 568 -..—

255 627 386 689 minibus
409 628 440 689 in
458 627 574 690 casium
593 627 773 690 exeuntibus
798 626 846 688 ret
869 628 1087 710 grammaticae
1103 628 1189 709 teges
1206 629 1357 709 probant;

252 735 308 798 sed
333 754 432 817 neque
456 736 495 799 de
518 737 651 815 Neruiis,
674 737 798 800 Batavis
820 744 850 800 et
872 738 985 799 Aeduis
1009 738 1090 801 atiud
1114 744 1262 818 statuam,
1287 757 1358 801 eum

250 845 351 909 Laetos
372 849 528 911 Romanos
552 847 581 909 in
612 865 667 910 sua
690 849 826 928 ipsorum
849 850 947 927 patria
970 848 1127 911 resedisse
1151 855 1235 912 eerte
1259 849 1360 911 dissi-

250 956 407 1018 millimum
432 959 498 1020 veri
521 958 621 1019 rideri
645 958 764 1020 debeat.
819 959 947 1021 Liberos
968 959 1103 1020 tectorum
1126 958 1254 1021 taetieam
1277 976 1361 1020 con-

251 1066 405 1130 dicionem
432 1074 555 1130 secutos
581 1088 650 1131 esse
680 1074 817 1145 constat,
842 1075 872 1130 et
902 1075 1006 1148 aperte
1039 1069 1217 1148 exprimitur
1246 1069 1358 1131 iuliani

249 1177 319 1256 imp.
332 1176 435 1239 verbis
458 1178 522 1256 „eis
537 1176 676 1239 Rhenum
700 1176 810 1238 editam
827 1175 1027 1238 barbarorum
1040 1177 1240 1258 progeniem*
1257 1184 1357 1254 [num.

145 1276 149 1281 ⁵
248 1283 358 1362 lll.]ei
377 1285 448 1364 „1ch
473 1284 534 1345 α’πὸ
561 1286 591 1348 Γ
589 1287 735 1365 oppidania
754 1287 843 1358 λείας
871 1289 1041 1363 λει’ψανυν“
1071 1291 1146 1362 [not.
1165 1286 1253 1367 49.];
1282 1307 1358 1351 nttm

249 1410 311 1457 non
334 1394 402 1474 ipso
422 1395 628 1474 Magnentius,
652 1395 706 1456 sed
732 1402 874 1474 parentes
897 1396 1070 1458 maioresve
1096 1397 1161 1458 eius
1178 1395 1357 1459 inGaltiam

246 1509 414 1580 venerant,
440 1509 471 1565 ut
496 1505 629 1566 Victoris
653 1505 785 1584 epitome
811 1504 1169 1585 [condensitatem
1216 1513 1359 1570 ceterum

246 1591 464 1675 hereditariam
496 1611 633 1675 tectorum
663 1614 879 1676 condicionem
906 1615 1018 1691 tuisse,
1048 1615 1139 1677 etiam
1169 1615 1358 1679 colonorum

247 1721 477 1784 tributariorum
499 1721 626 1784 miiitiae
652 1723 875 1802 obnoxiorum,
907 1741 984 1803 quos
1009 1723 1181 1804 originario
1208 1724 1277 1786 iure
1305 1732 1358 1788 te-

246 1833 314 1896 neri
336 1840 456 1896 cautum
488 1834 602 1911 tuerat,
634 1833 777 1915 analogia
807 1833 995 1914 comprobat.
1047 1835 1151 1913 itaque
1178 1834 1355 1896 seeundum

246 1942 320 2006 iuris
342 1945 428 2007 Rom.
447 1949 611 2024 praecepta
634 1943 685 2023 qui
709 1963 748 2005 ex
773 1943 918 2005 alterutro
950 1947 1077 2023 parente
1107 1942 1175 2004 laeto
1199 1961 1356 2023 procrea·
1410 1946 1413 1951 '

244 2060 292 2116 tus
317 2052 431 2131 tuerat,
452 2052 536 2114 laetus
562 2053 627 2133 ipse
652 2053 760 2132 tiebat,
784 2053 876 2115 modo
906 2059 1014 2115 neuter
1035 2059 1193 2133 parentum
1215 2055 1355 2116 servitu-

245 2169 303 2227 tem
326 2163 459 2226 serviret
475 2165 512 2223 05.
555 2162 772 2245 Plerorumque
795 2165 861 2226 t'ere
879 2164 1015 2226 oninium
1036 2163 1219 2245 scriptorum
1243 2165 1352 2244 opinio

243 2413 342 2477 bultten,
362 2415 395 2465 e'et
414 2414 470 2465 uteo
490 2413 558 2464 aucte
576 2428 626 2464 een
646 2413 730 2464 dieser
742 2414 811 2464 Seite
830 2413 878 2463 ber
895 2413 968 2463 nictit
986 2429 1016 2463 eu
1029 2414 1173 2481 pecinnae.
1213 2412 1352 2463 Hierauch

244 2511 305 2562 sebe
324 2511 368 2561 ieb
393 2526 447 2561 nun
470 2513 562 2578 sereret·
583 2508 657 2559 keiee
681 2509 890 2576 Verentueeunp,
916 2509 958 2559 die
978 2508 1044 2560 tou
1064 2507 1162 2572 Aedui,
1185 2509 1278 2559 Nervii
1294 2507 1351 2559 uad

245 2610 377 2677 Lupenees
396 2611 441 2674 fair
462 2607 582 2658 deutsche
601 2607 717 2658 Colonen
736 2608 770 2657 im
792 2606 882 2659 hunde
900 2607 947 2656 der
959 2606 1064 2656 Aeduae
1075 2614 1099 2657 et
1107 2624 1129 2656 c.
1137 2605 1200 2656 eder
1216 2607 1256 2656 eie
1268 2606 1350 2655 eiber-

246 2704 325 2773 baetpt
344 2709 389 2772 fair
409 2713 487 2755 eticae
507 2704 619 2755 auderes
636 2722 666 2755 eu
691 2704 794 2768 butten,
818 2703 858 2754 uis
880 2703 942 2754 eben
964 2706 1010 2770 [etr
1030 2702 1211 2754 eiubeimiseba
1236 2703 1348 2765 Guttier,

243 2818 291 2852 cue
309 2801 392 2852 denen
411 2801 481 2852 aucte
499 2802 593 2869 iryend
611 2804 694 2852 einum
714 2803 795 2854 Motae
814 2799 923 2850 lutiecbe
943 2799 1132 2868 Abtbeitunpen
1149 2803 1194 2866 seir
1213 2799 1254 2849 die
1276 2800 1348 2850 Gur.

241 2899 351 2949 ahenea
374 2896 465 2961 iecit,
487 2898 597 2947 Fumare
620 2899 673 2948 erud
698 2899 816 2965 Touperu
840 2895 950 2964 pebildet
974 2896 1080 2946 worden
1105 2897 1183 2947 eeieu.
1229 2895 1350 2963 Nirqeud

241 2994 521 3064 tteqeeteetuammte
533 2994 716 3062 dirumpetur,
737 2994 795 3043 duee
813 3009 874 3043 mun
892 2994 983 3043 ieamer
1000 3009 1052 3042 aur
1064 2993 1200 3043 Barbarae
1218 2996 1264 3058 fur
1278 2992 1365 3063 dieue·

243 3091 350 3144 Zeeectre
370 3091 469 3142 benutet
488 3091 563 3154 habe,
585 3107 612 3141 so
631 3091 762 3141 sicherus
780 3089 848 3140 uucb
869 3089 1048 3140 uuedmmiun
1066 3089 1121 3140 und
1138 3090 1185 3139 der
1203 3088 1232 3139 b.
1244 3090 1284 3141 to.
1298 3088 1346 3140 Tb.

242 3188 272 3242 G.
286 3186 354 3240 xttl.
370 3190 410 3240 lt.
425 3187 549 3253 feetetebt
570 3187 629 3237 duee
648 3188 695 3237 due
715 3187 817 3237 institut
838 3203 888 3236 eeu
907 3185 1012 3236 sotcbeu
1028 3201 1211 3254 eueqepunpeu
1228 3186 1283 3235 und
1301 3186 1351 3236 dee·

242 3287 324 3356 Repet
350 3286 419 3337 nect
447 3286 531 3337 duret·
552 3284 639 3335 setcbe
667 3287 795 3335 ereceitert
815 3285 921 3335 worden
940 3285 978 3334 iet.
1025 3284 1065 3334 Za
1085 3282 1223 3333 deutschen
1245 3285 1350 3335 tame

240 3393 330 3438 waren
348 3383 455 3453 {reilieb
474 3385 515 3435 die
536 3382 683 3435 Bewebaer
700 3400 751 3432 een
772 3385 892 3449 Leupree
909 3382 963 3432 aad
979 3383 1079 3448 caupo
1097 3380 1170 3432 nieht
1186 3397 1218 3431 eu
1234 3381 1349 3431 macheu

240 3500 372 3552 peeeeeen,
399 3482 463 3532 uber
485 3480 605 3531 celtisebe
620 3481 777 3532 ‘Aueiedter'
803 3478 916 3529 tuentes
942 3496 990 3529 aue
1014 3479 1094 3528 e'bueee
1118 3477 1278 3529 ebeneoeeebt
1297 3479 1349 3528 acie

242 3597 291 3632 aue
311 3581 360 3631 dea
386 3579 525 3630 deutschen
549 3578 799 3630 Nccbburetdmmen
819 3577 982 3644 auspebobeu
1000 3577 1134 3627 ecerdeu“.
1182 3575 1219 3626 lta
1241 3575 1292 3626 eibi
1314 3573 1349 3626 ad

240 3693 316 3728 euum
336 3677 473 3727 arbitrium
499 3692 579 3726 uuum
599 3691 732 3743 quemque
752 3690 795 3725 ree
815 3674 916 3742 fingere
937 3674 1018 3738 ticet,
1040 3689 1127 3740 neque
1156 3671 1279 3739 equidem
1299 3686 1347 3723 eos
1408 3680 1410 3703 ²

241 3773 285 3840 qui
305 3771 425 3822 Celticae
445 3773 557 3840 virginis
576 3773 706 3839 magicae,
725 3780 751 3821 at
772 3771 895 3839 quotiens
915 3778 1073 3837 temptatae,
1092 3770 1192 3819 artibus
1211 3767 1347 3821 decantati

240 3877 310 3934 eunt,
330 3869 444 3922 tiberare
464 3877 565 3936 potero.
604 3869 632 3920 td
652 3885 731 3919 eruum
752 3869 956 3930 b.t.anuotabe,
977 3858 1119 3919 mihi’eiue
1139 3867 1291 3917 fictionibus
1312 3882 1347 3918 ex

240 3967 318 4019 rebus
339 3967 449 4019 t'ettieie
468 3968 560 4034 petitia
583 3967 609 4017 id
629 3967 699 4034 quod
718 3968 750 4017 ab
765 3968 900 4018 Ammiano
920 3968 1176 4034 imperatoribusque
1195 3964 1346 4016 confirmari

241 4065 309 4116 dixit
334 4064 392 4131 ipee
413 4065 538 4132 Sybetiue
563 4073 643 4133 atque
670 4066 703 4116 ab
723 4064 816 4116 eodem
839 4066 956 4133 agnitam
983 4065 1102 4133 reguiam
1124 4064 1156 4115 ad
1184 4063 1346 4130 probandam

239 4177 320 4231 supra
341 4165 502 4231 propositam
522 4164 680 4212 sententiam
703 4162 835 4213 enitrcere.

339 4263 375 4329 66)
398 4259 489 4326 Utuv.
498 4261 523 4312 8.
533 4266 559 4310 et
573 4258 598 4309 L.
608 4261 651 4311 24.
661 4258 732 4311 D.de
745 4258 958 4310 statutionis.
980 4258 1036 4309 (iat.
1047 4261 1065 4309 t.
1077 4260 1118 4311 78.
1128 4259 1172 4312 or.
1193 4255 1234 4310 ct.
1244 4256 1347 4311 uotae.

239 4358 478 4429 rap-Roseuvioge
489 4358 517 4421 ς.
529 4357 569 4407 ta.
578 4363 632 4410 net.
641 4357 666 4408 b.
