2918 4914
453 436 651 484 eunxxxrx.
678 436 718 483 in
736 435 806 483 cto.
822 413 922 482 tw.
937 411 1012 498 tet).
1190 412 1282 485 975*
1389 437 1395 458 ·

180 636 269 714 malit,
292 636 355 699 iarn
378 653 468 698 nemo
493 636 614 717 estqui
637 641 738 718 neget.
786 633 866 710 Quid
889 634 993 717 ergo?
1022 635 1132 697 transit
1151 635 1280 714 Novam,

129 775 130 839 j
180 745 414 827 odtogontiaco
436 748 564 810 veniens
594 749 704 809 transit
731 747 870 824 navam,
900 744 1014 809 deinde
1034 745 1137 826 Bingii
1161 746 1285 808 moenia

129 887 131 941 p
179 856 313 919 miratur.
340 864 371 920 at
391 858 524 921 tortasse
547 878 564 920 a
587 858 711 920 sinistra
737 858 843 920 Navae
864 857 941 936 ripa,
964 855 1072 918 relicto
1094 855 1206 937 Bingio
1229 874 1285 919 re-

129 947 130 952 *
180 970 224 1028 tro
239 967 377 1046 spiciens
395 969 462 1030 eius
477 968 601 1031 moenia
626 969 752 1031 miratus
773 969 844 1031 est‘t
866 970 966 1030 tatem
986 966 1136 1031 nebuloso
1159 968 1284 1030 flumine

129 1092 131 1168 j
178 1075 341 1140 interiecto
356 1078 440 1154 (sive
460 1078 549 1141 malis
565 1077 711 1140 credutooo
732 1079 853 1157 lamiae,
876 1084 908 1140 ut
930 1078 1054 1141 omnino
1076 1084 1172 1140 artem
1196 1095 1284 1141 suam

178 1186 206 1249 in
232 1205 272 1251 eo
303 1206 425 1270 quoque
456 1190 603 1270 probaret
624 1196 737 1270 pocta,
756 1195 790 1250 ut
811 1190 934 1251 moenia
958 1189 1121 1251 miraretur
1144 1206 1223 1268 quae
1244 1206 1285 1251 ne

129 1328 131 1345 ι
179 1299 360 1379 conspicere
374 1299 498 1382 quidem
516 1307 637 1382 posset)
659 1318 721 1363 non
743 1301 785 1362 ita
806 1301 887 1363 bene
900 1302 1022 1364 moenia
1044 1301 1077 1361 in
1101 1299 1198 1363 altera
1215 1298 1284 1378 ripa

178 1408 300 1473 condita
323 1412 467 1491 spectari.
513 1410 571 1474 Vix
595 1412 698 1492 possis
727 1410 777 1473 sel
800 1417 911 1491 poetae
931 1411 1027 1474 verba
1050 1411 1097 1472 sio
1120 1410 1282 1489 accipere:

177 1526 243 1598 post
254 1537 346 1601 quam
360 1521 486 1583 miratus
502 1540 586 1584 eram
601 1521 702 1602 Bingii
717 1522 840 1583 moenia
856 1522 1021 1602 Navaoque
1037 1526 1162 1602 pontem
1180 1525 1284 1581 trans-

128 1661 130 1700 ς
179 1627 290 1709 ieram,
324 1631 384 1694 iter
410 1631 611 1714 ingrediebar
643 1650 698 1712 per
727 1631 795 1694 avia
819 1638 884 1694 cte.
930 1633 1033 1712 ltaque
1064 1649 1127 1693 non
1156 1647 1284 1710 possum

128 1727 130 1819 J
179 1741 246 1819 quin
265 1740 438 1805 Ausonium
461 1759 583 1823 quoque
605 1744 723 1821 testari,
746 1743 861 1805 Novam
881 1743 962 1804 inter
983 1743 1126 1825 Bingium
1146 1741 1284 1823 Mogon-

179 1839 350 1931 tiacumque
374 1853 446 1915 olim
469 1853 686 1931 interfluxisse,
711 1854 830 1933 opiner.
874 1853 939 1915 Neo
961 1853 1049 1932 parvi
1070 1850 1218 1932 ponderis
1234 1850 1285 1911 vi-

129 2035 130 2046 *
178 1960 279 2042 detur,
306 1962 388 2044 quod
420 1970 507 2026 vetus
536 1964 586 2026 via
617 1963 881 2045 Mogontiacensis
914 1979 969 2042 per
992 1960 1284 2042 Gauatgcshemium

129 2109 130 2117 .
177 2071 417 2136 Oukenhemium
446 2092 555 2137 versus
585 2081 676 2154 atquc
700 2072 773 2136 inde
796 2073 835 2136 ad
858 2072 1094 2136 decshernium
1119 2069 1284 2151 anguium-

179 2200 235 2263 que
256 2185 454 2247 scarlatinum
477 2184 753 2263 (Seleurtcctcecde)
781 2185 922 2262 ducebat,
949 2190 980 2244 ut
1001 2182 1199 2245 iteuseherus
1222 2181 1243 2244 1.
1255 2199 1283 2243 e.

128 2293 129 2296 ’
176 2292 288 2356 docuit.
314 2302 399 2358 certe
413 2314 469 2376 per
481 2295 579 2358 anem
595 2295 705 2357 vallem
720 2294 757 2357 ad
771 2294 1043 2374 septentrionalem
1058 2293 1171 2355 montis
1184 2289 1285 2354 sancti

126 2421 127 2480 ᾗ
176 2403 271 2468 ltoehi
292 2406 402 2486 pedem
423 2406 514 2483 viani,
537 2411 571 2467 ut
592 2424 673 2467 nunc
697 2411 753 2483 est,
777 2405 869 2467 ctiam
884 2405 1013 2468 Romani
1034 2403 1206 2479 duxissent,
1221 2400 1283 2463 nisi

125 2483 127 2572 ]
176 2512 264 2576 aliam
289 2521 380 2595 atque
402 2534 484 2577 nune
507 2515 630 2594 habeut,
654 2515 812 2596 vallesque
835 2521 866 2577 et
888 2514 959 2576 clivi
977 2514 1121 2597 Bingium
1145 2513 1282 2575 circum-

125 2676 127 2713 ζ
175 2622 283 2687 dautes
315 2626 444 2688 sormam
474 2625 546 2688 oiim
571 2625 761 2688 habuissent.
805 2625 949 2688 Accessit
979 2625 1061 2706 quod
1087 2625 1118 2685 in
1141 2621 1285 2687 Ruodoifi

176 2735 320 2798 Annalib.
331 2736 505 2801 Futdcnsib.
520 2738 558 2799 ad
573 2758 600 2799 a.
611 2738 684 2802 858.
698 2738 848 2811 (Monum.
860 2739 1004 2800 German.
1022 2737 1043 2799 1.
1057 2753 1085 2817 p.
1096 2736 1188 2815 379.)
1201 2733 1285 2817 legi-

125 2834 126 2883 ἷ
174 2864 255 2910 mus:
276 2847 375 2929 „vitta
398 2848 549 2928 quaedam
571 2849 651 2910 haud
675 2847 783 2929 procul
816 2848 853 2910 ab
879 2848 957 2910 urbe
981 2847 1110 2928 Pinguia
1132 2844 1285 2925 [Bingen]

125 2980 126 3020 t
174 2956 230 3017 sita
254 2962 319 3035 est,
342 2958 438 3038 Caput
459 2960 607 3021 montium
628 2948 738 3022 vocata
763 2977 802 3021 eo
826 2958 909 3039 quod
933 2959 974 3019 ibi
999 2964 1120 3020 rnontes
1149 2974 1207 3036 per
1235 2954 1285 3016 at-

125 3057 127 3106 ἓ
173 3083 262 3130 veum
283 3066 384 3132 Rheni
408 3069 541 3131 fluminis
572 3070 732 3132 tendentes
761 3069 880 3131 initium
902 3069 1036 3145 habent,
1059 3084 1149 3147 quam
1173 3064 1283 3147 vulgus

125 3176 127 3256 j
174 3182 317 3258 corrupte
334 3179 377 3258 [ι]
392 3177 553 3256 Copmcnti
577 3179 630 3255 [al.
646 3180 829 3257 contraeatis
841 3177 1023 3255 ceetomone-i]
1047 3177 1211 3238 nominare
1228 3190 1285 3236 so-

125 3336 127 3344 .
172 3284 226 3364 let3
249 3288 302 3349 ubi
324 3287 479 3369 malignus
501 3289 626 3367 spiritus
648 3290 777 3352 evidens
800 3289 956 3369 nequitiae
978 3305 1054 3350 suaa
1072 3284 1209 3348 ostendit
1231 3283 1284 3345 in-

173 3394 297 3458 dicium.
310 3444 316 3458 .
329 3443 336 3458 .
348 3401 385 3458 .“.
410 3396 449 3459 ad
464 3414 554 3477 quem
566 3397 667 3459 locum
685 3397 786 3460 editor
801 3397 988 3477 ἦΟιιαιηιιιιιι,
1013 3396 1108 3458 hodie
1122 3393 1281 3472 deceptore,

171 3523 261 3588 supra
284 3507 433 3591 Βίηςιιιιιι
454 3509 612 3570 annotavit
619 3529 628 3585 3
651 3508 748 3570 eiusd.
762 3526 789 3571 a.
803 3507 937 3588 diploma
960 3507 1134 3588 ap.Lamei.
1149 3506 1180 3567 in
1193 3503 1282 3566 dctis

172 3616 361 3681 acadPalat.
376 3619 397 3680 1.
415 3637 445 3700 p.
457 3620 527 3682 279.
542 3624 691 3683 memorat
714 3618 909 3680 Ctomrcnder
928 3636 1067 3680 mercum
1079 3621 1110 3680 ι.
1137 3615 1195 3679 sed
1216 3631 1282 3677 non

172 3743 237 3789 eum
262 3728 398 3792 Frchcro
423 3728 460 3808 u,
477 3731 525 3792 tt.
543 3747 571 3810 p.
588 3729 640 3792 45.
655 3729 811 3810 adscripta
836 3729 989 3792 vocabula
1011 3727 1193 3807 ueniendo,
1220 3726 1284 3789 Ge-

170 3837 291 3918 tnunda,
317 3840 479 3918 nouercae,
501 3857 518 3901 a
535 3841 672 3919 mundio,
696 3841 715 3902 i.
726 3860 753 3903 e.
769 3841 861 3903 tutela
877 3844 907 3902 et
926 3841 1124 3919 detonsione,
1141 3839 1197 3903 scd
1212 3856 1283 3900 oum

170 3946 343 4012 stmroetdo
367 3968 397 4031 p.
409 3951 480 4013 252.
494 3950 532 4013 ab
556 3952 690 4032 antiquis
711 3952 816 4015 Navae
840 3953 927 4015 ostiis
950 3952 1008 4031 (ct.
1021 3950 1111 4016 Grati
1121 3946 1281 4011 dttdccdcd.

265 4210 298 4281 41)
317 4208 357 4262 Er
369 4209 458 4263 verbis
476 4209 627 4262 documenti
649 4210 718 4277 apud
740 4211 818 4262 eund.
832 4226 857 4276 p.
870 4210 930 4264 273.
942 4212 984 4278 „in
999 4228 1072 4283 pago
1085 4207 1280 4262 Vvormacinaa

165 4305 192 4358 io
212 4312 300 4359 castro
312 4306 449 4376 Pinginoe‚
464 4308 541 4376 'quod
562 4315 602 4359 est
622 4316 801 4359 constructum
821 4323 901 4374 super
918 4308 1028 4361 fluvium
1045 4309 1140 4364 uana«
1153 4305 1281 4372 dequeo-

163 4404 252 4457 rtionc
269 4418 351 4472 supra
371 4406 472 4475 agitata
490 4404 557 4457 nihil
578 4404 682 4457 definiri
701 4412 798 4472 potest.

121 4580 1298 4655 *maz-:affl
