2918 4914
162 623 281 688 calcem
303 624 483 705 reparandis
507 626 668 689 moenibus
690 626 951 691 subministrasse.
984 628 1125 711 Magnam
1141 646 1262 711 quoque

161 750 250 796 suurn
271 734 402 815 copiam,
428 736 507 799 lorte
532 735 606 798 duas
625 736 760 800 decimas
775 738 918 818 Campani
940 740 1102 819 quotannis
1115 740 1261 803 Romanis

164 844 320 909 debebant
342 847 390 924 (L.
403 846 553 922 attho.
565 847 642 910 XlV.
654 848 700 926 4.]
713 846 751 909 de
767 847 907 927 suariis),
930 867 986 930 pro
1009 851 1118 932 quibus
1137 850 1260 915 tandem

160 954 243 1018 mille
265 962 441 1037 nongentos
461 956 681 1039 quinquaginta
702 956 821 1021 solidos
843 958 1001 1022 solverunt
1020 959 1260 1040 (Nov.Valenti-

160 1064 245 1128 niani
258 1065 297 1128 de
312 1065 433 1129 suariis.
447 1065 490 1128 tit.
502 1065 634 1144 37.[3o.,
647 1067 696 1129 ed.
706 1066 801 1130 llaen.
811 1067 1151 1151 tit.3b.p.359.sqq.]).
1173 1070 1261 1133 Hanc

158 1175 320 1256 pecuniam
341 1175 439 1256 primo
463 1175 640 1238 Consularis
657 1176 848 1257 Campaniae,
871 1183 978 1258 postea
992 1179 1022 1241 P.
1033 1179 1063 1241 P.
1075 1180 1179 1263 exegit
1190 1179 1259 1256 (cit.

158 1285 192 1347 L.
203 1282 233 1347 3.
247 1283 301 1346 Tb.
311 1283 374 1365 C).
398 1285 462 1348 Nec
483 1291 624 1366 poterant
645 1286 747 1350 ludum
771 1304 918 1367 equorum
940 1289 1087 1351 curulium
1114 1288 1261 1370 Campani

160 1411 330 1472 exercere,
351 1395 411 1456 nisi
435 1395 519 1475 prius
542 1394 602 1456 duo
626 1396 707 1458 milia
733 1396 905 1459 modiorum
919 1397 1016 1461 labae
1044 1415 1100 1478 pro
1130 1398 1260 1480 singulis
1356 1458 1361 1465 ,

161 1503 348 1568 factionibus
377 1503 415 1567 ad
448 1504 575 1567 alendos
607 1522 704 1585 equos
730 1512 888 1570 currentes
916 1508 1031 1570 Rornae
1059 1508 1261 1572 contulissent

158 1613 209 1693 (L,
220 1613 311 1676 Mb.
325 1613 357 1675 C.
372 1612 410 1676 de
424 1615 511 1695 equis
526 1615 818 1692 curulib.Xll.1ll.).
840 1617 902 1679 Sub
916 1617 1090 1679 Domitiano
1101 1619 1259 1682 Memmius

157 1722 265 1787 llullus
288 1723 465 1788 Consularis
479 1725 663 1805 Campaniae
687 1726 717 1787 in
739 1726 808 1806 pios
831 1726 941 1790 saeviit
960 1727 1177 1809 (Martyrolog.
1192 1730 1220 1794 7.
1230 1734 1260 1793 et

162 1834 211 1895 19.
221 1833 320 1911 Maii).
348 1832 548 1896 Constantino
569 1834 736 1914 imperante
758 1833 959 1915 Pompeianus
973 1835 1150 1898 Consularis
1168 1836 1259 1899 Cam-

156 1942 268 2023 paniae
288 1942 344 2005 luit
366 1944 416 2020 (L.
428 1940 457 2005 4.
468 1942 500 2006 C.
510 1943 537 2004 si
551 1949 657 2005 contra
673 1945 721 2006 ins
740 1943 787 2007 vel
802 1949 843 2007 ut.
857 1943 956 2025 publ.)
963 1962 973 2020 3
994 1962 1067 2007 mox
1087 1945 1204 2027 Lupus,
1226 1951 1259 2008 ut

158 2051 201 2115 ait
222 2051 432 2134 Symmachus,
456 2053 569 2116 deinde
585 2053 775 2134 bulephorus
788 2055 837 2130 (L.
850 2057 876 2116 1.
886 2053 959 2117 Cui
972 2071 1086 2117 armor.
1098 2067 1174 2134 us),
1186 2054 1258 2117 huic

156 2161 242 2225 Felix
261 2163 422 2240 successit,
446 2161 559 2225 deinde
578 2162 790 2244 Amphilocius
813 2169 844 2225 et
865 2163 944 2226 alii‘.
987 2163 1258 2228 PlenioremCon-

156 2271 304 2335 solarium
326 2273 510 2352 Campaniae
533 2271 665 2336 indicem
687 2272 788 2353 paullo
813 2279 882 2354 post
903 2273 1053 2336 dabimus.

238 2382 388 2445 Picturarn
411 2401 499 2463 quam
527 2383 565 2446 ad
585 2385 614 2443 at
642 2383 840 2464 repetendam
863 2384 1057 2462 curavimus,
1088 2384 1118 2445 in
1142 2383 1254 2446 ceteris

155 2509 279 2574 quoque
301 2492 393 2555 codd.
409 2511 494 2571 mss,
518 2493 545 2555 si
571 2492 741 2556 recesseris
764 2511 781 2555 a
810 2492 985 2572 coloribus,
1009 2510 1087 2574 quos
1110 2511 1167 2575 pro
1196 2512 1253 2558 suo

155 2602 285 2683 quisque
307 2603 407 2682 pictor
431 2601 526 2664 lubitu
547 2602 652 2664 varios
674 2601 823 2681 adhibuit,
847 2602 1016 2665 consimilis
1040 2609 1104 2681 est;
1131 2609 1256 2685 apparet

153 2718 254 2774 autern
278 2730 345 2774 eam
368 2717 399 2773 et
427 2710 465 2774 ab
487 2710 539 2774 illa
568 2728 656 2792 quam
679 2711 748 2774 Not.
762 2711 815 2775 Or.
830 2711 860 2773 in
882 2711 1044 2775 Consulari
1064 2712 1255 2778 Palaestinae

152 2821 278 2885 exbibet
298 2827 329 2884 et
352 2839 369 2883 a
391 2820 629 2884 Cassiodoriana
653 2821 861 2901 descriptione
883 2839 975 2903 supra
997 2823 1125 2903 repetita
1149 2822 1256 2886 diver-

153 2949 219 2995 sam
242 2948 321 2994 esse.
353 2932 481 3012 parique
503 2931 595 2994 modo
625 2937 797 2995 ceterorum
825 2950 946 3013 quoque
968 2931 1180 2995 Consularium
1206 2933 1256 3014 pi-

153 3045 256 3102 cturas
278 3056 334 3102 sua
364 3056 513 3119 quamque
538 3039 661 3119 propria
689 3039 842 3102 nonnulla
872 3040 1017 3102 babuisse
1046 3041 1100 3102 vix
1122 3040 1254 3103 dubitari

153 3148 278 3229 poterit.
322 3146 500 3210 Pancirolus
525 3145 563 3208 de
585 3166 620 3208 ea
644 3146 690 3208 sic
709 3145 888 3226 disputavit:
901 3148 1031 3224 ,Notitia
1047 3149 1078 3209 in
1093 3147 1255 3213 Consulari

155 3258 341 3339 Campaniae
374 3258 452 3321 baec
484 3255 617 3337 insignia
649 3255 799 3318 ostendit:
830 3255 997 3337 Imaginem
1029 3256 1164 3320 mulieris
1198 3275 1253 3338 pro

153 3367 297 3430 tribunali
318 3367 475 3444 sedentis,
499 3383 515 3426 a
541 3366 626 3427 cuius
651 3365 757 3427 dextro
783 3365 909 3426 humero
939 3364 1093 3447 cingulum
1121 3385 1254 3447 snspen-

152 3494 221 3541 sum
244 3477 281 3541 ad
306 3477 462 3540 sinistrum
492 3474 569 3537 latus
602 3472 724 3552 oblique
756 3472 936 3552 descendit,
967 3473 1091 3537 sinistra
1122 3481 1251 3556 scutum,

152 3585 261 3649 dextra
285 3587 402 3649 hastam
424 3591 516 3663 tenet,
540 3584 571 3647 in
593 3583 679 3645 cuius
701 3600 818 3645 summo
841 3582 975 3663 praefixa
997 3590 1044 3647 est
1062 3584 1185 3664 tabella,
1200 3586 1252 3649 ubi

152 3698 299 3777 scriptum
323 3703 370 3760 cst
399 3718 557 3758 esuriam
581 3699 625 3769 [et
644 3692 689 3755 sie
713 3693 803 3756 etiam
829 3693 860 3755 in
885 3688 966 3775 uoq.
1009 3694 1078 3774 lpsa
1100 3696 1132 3757 in
1154 3697 1252 3777 capite

152 3804 280 3870 tutulum
302 3822 369 3868 cum
396 3802 637 3884 prominentibus
664 3801 763 3882 pinnis
788 3803 876 3885 gerit.
920 3803 1008 3867 Nuda
1030 3803 1126 3884 pedes
1159 3805 1205 3881 [in
1223 3807 1252 3867 Ἀ

153 3915 302 3994 calceata,
321 3914 420 3998 nigris
444 3913 569 3990 calceis,
593 3911 622 3973 in
642 3905 670 3972 bt
694 3911 791 3990 ssavis,
816 3930 873 3992 per
893 3930 970 3991 quos
992 3912 1105 3977 rubrae
1130 3917 1252 3980 taeniae

153 4023 418 4106 quadrangulatim
441 4022 620 4097 tenduntnr,
646 4021 757 4101 quique
785 4021 815 4081 in
846 4020 974 4102 singulis
996 4024 1166 4106 tetragonis
1196 4044 1252 4089 ru-

151 4133 230 4196 beos
253 4130 410 4196 orbiculos
433 4131 569 4210 habentp,
597 4127 726 4209 albaque
749 4127 827 4208 palla
853 4128 953 4204 [lusca
975 4128 1007 4190 in
1026 4131 1075 4208 Ά;
1097 4149 1252 4213 purpurea

154 4237 197 4320 d]
219 4242 378 4306 succincta
405 4240 505 4304 viride
527 4238 672 4320 [plumbei
698 4236 812 4301 coloris
829 4237 874 4314 a,
900 4238 1033 4301 caerulei
1051 4232 1094 4321 Β]
1115 4239 1248 4321 pallium,

153 4359 277 4435 aparte
299 4352 424 4416 sinistra
445 4351 572 4414 brachio
588 4355 706 4413 retenta
728 4347 766 4412 ad
785 4365 886 4430 genua
906 4347 1001 4412 lluere
1020 4350 1175 4430 permittit.
1198 4348 1249 4412 Ad
