2918 4914
398 426 529 476 cnunc.
557 426 598 475 nu
623 405 998 501 aaa.118*.lt.1d.sq.
1158 401 1247 478 999*

144 627 184 689 ad
207 625 321 689 viclurn
345 628 551 690 necessaria“.
595 626 787 691 Pancirolunr
811 627 849 689 de
870 625 918 689 his
936 626 1023 688 Curis
1041 624 1121 688 male
1142 624 1249 704 dispu-

142 742 240 814 tasse,
264 752 364 817 neqtre
386 736 425 800 de
441 736 580 799 Curiosis
606 754 713 800 cursus
735 735 849 817 publici
872 741 922 812 (ut
944 736 1010 816 ipse
1031 753 1059 816 p.
1070 735 1158 798 392⁴.
1169 733 1208 797 ad
1219 750 1248 814 p.

143 844 446 925 44*.i.14.,rereor
469 865 509 910 ne
532 865 704 929 perperam,
728 846 890 922 annotavi)
911 845 969 908 h.l.
989 862 1161 907 sennonem
1179 860 1249 907 csse

143 975 226 1020 nunc
249 957 323 1020 milri
347 958 505 1038 persuasi,
530 958 587 1021 sed
611 976 672 1020 non
694 975 792 1038 aeque
812 962 915 1019 certus
938 973 1021 1034 suni,
1044 961 1112 1017 utra
1133 972 1172 1016 ex
1196 970 1250 1016 se·

144 1069 307 1149 quentibus
333 1067 481 1131 Curatum
511 1067 790 1151 significationibus
819 1067 870 1130 bic
893 1064 1072 1147 accipienda
1095 1065 1151 1143 sit,
1174 1063 1250 1126 lito-

142 1184 244 1242 torum
268 1183 312 1255 [et
333 1183 488 1259 portuum]
513 1185 543 1240 et
564 1179 704 1241 itinerum
729 1177 870 1241 custodia
894 1176 962 1249 ιΤιι.
978 1176 1009 1238 C.
1024 1175 1087 1237 Vll.
1104 1174 1153 1237 16.
1176 1173 1249 1235 lust.

144 1286 347 1367 onitas),
368 1306 407 1350 an
428 1290 663 1370 procurationes
689 1287 739 1350 rel
761 1306 853 1350 curae
877 1287 1061 1364 civitat-iura,
1085 1290 1117 1348 ut
1138 1301 1199 1365 pax
1220 1288 1251 1346 ei

143 1399 296 1463 securitas
319 1399 350 1460 in
374 1399 501 1462 urbibus
524 1404 703 1462 servaretur
735 1405 825 1479 atque
848 1417 884 1460 aa
914 1396 980 1459 fere
1009 1401 1095 1459 recte
1117 1394 1252 1458 admini-

143 1513 325 1588 strarentur,
348 1525 426 1589 quae
449 1509 543 1571 hodie
559 1509 684 1589 potitiae
699 1506 851 1570 vocabulo
867 1505 1012 1585 (Peliaca)
1029 1504 1251 1586 comprehendi

144 1618 254 1683 solent.
288 1618 390 1682 fateor
412 1625 512 1682 autern
533 1620 613 1682 hanc
637 1620 840 1700 posteriorem
865 1618 1101 1698 explicationem
1123 1621 1157 1677 ιιι
1175 1632 1251 1697 pro-

143 1728 212 1792 bem
235 1746 284 1791 me
307 1727 484 1808 propiorem
506 1746 587 1807 esse,
608 1736 641 1790 ut
662 1728 761 1790 civilis
779 1745 848 1790 curn
870 1727 994 1790 militari
1019 1726 1128 1788 classis
1150 1724 1251 1788 admi-

145 1838 329 1902 nistratione
353 1837 455 1900 iuncta
478 1838 535 1916 sit,
560 1837 675 1918 pariter
703 1844 792 1918 atque
825 1838 905 1899 inter
930 1837 1056 1899 altiores
1086 1834 1250 1919 dignitates

144 1943 288 2009 ducatum
318 1964 386 2009 curn
409 1947 596 2028 'provinciae
626 1947 804 2029 praesidatu
836 1947 1020 2027 aliquotiens
1054 1945 1250 2008 coniunctum

141 2054 287 2149 vidimus,
331 2055 377 2120 De
409 2056 459 2118 illa
486 2057 609 2119 litorum
640 2062 841 2138 portuurnque
868 2054 1008 2119 custodia
1039 2052 1250 2117 Gotlroiredus

141 2165 175 2227 in
197 2167 340 2246 paratitlo
363 2166 434 2230 libri
449 2168 511 2230 vlt.
527 2167 580 2230 'fla
595 2168 627 2230 0.
641 2166 694 2242 (ll.
706 2185 734 2248 p.
746 2168 816 2230 aad.
830 2166 878 2229 ed.
889 2167 1004 2248 Llps.):
1020 2165 1173 2245 ,Litorurn
1189 2181 1251 2227 no-

145 2274 283 2338 minatim
307 2283 337 2338 et
365 2281 506 2358 portuum
536 2282 566 2340 et
592 2277 735 2353 itinerurp
767 2276 912 2338 custodes
942 2275 1064 2356 quidam
1091 2281 1197 2354 erant,
1220 2280 1251 2338 et

143 2385 292 2449 excubias
315 2387 466 2469 agebant,
489 2387 528 2448 de
550 2388 659 2467 quibus
685 2393 732 2449 est
753 2387 797 2447 tit.
814 2386 980 2466 peculiaris
993 2385 1057 2448 vlt.
1073 2384 1122 2447 16.
1146 2385 1249 2449 Litora

141 2494 199 2559 i.e.
218 2499 335 2576 portus,
361 2495 522 2573 staliones,
545 2494 617 2577 quin
641 2501 671 2558 et
693 2494 823 2558 insulae.
842 2492 1247 2573 (ιι.1.9.ιίιιειίι.ιι11.16.

140 2604 281 2669 LL.5.8.
299 2602 347 2666 17.
361 2599 649 2666 bddeNavicular.
663 2601 742 2664 Xlll.
755 2603 802 2679 5.)
826 2602 888 2664 Sed
911 2607 941 2664 et
961 2602 1030 2665 loca
1052 2603 1249 2666 observatio-

140 2716 190 2778 nis
204 2714 344 2779 excubiis
359 2713 524 2776 munienda
539 2715 588 2791 (L.
597 2712 647 2776 30.
660 2713 697 2775 de
714 2731 805 2775 eursu
818 2713 926 2794 p.Vlll.
937 2716 995 2791 5.),
1020 2714 1131 2776 itinera
1146 2712 1248 2794 (rubr.

141 2824 216 2889 dicti
228 2826 291 2902 tit.)
299 2830 330 2886 ot
352 2825 470 2887 itineris
486 2824 622 2886 tramites
638 2825 720 2901 (L.l.
731 2823 788 2904 siq.
804 2841 872 2903 pce.
885 2823 1016 2887 condar.
1031 2823 1083 2887 IX.
1095 2823 1174 2902 ab),
1192 2824 1250 2888 ab·

141 2947 266 2994 acessus
289 2929 528 3008 provinciarum,
554 2931 658 2993 abdita
682 2931 751 2994 loca
783 2932 893 3006 (nid.
910 2931 950 2994 de
965 2932 1203 2998 curios.lfl.29.
1218 2939 1249 2997 et

140 3038 347 3105 Nov.Vulent.
368 3040 449 3102 inter
466 3038 716 3118 Theodosii),
742 3040 791 3103 vel
814 3042 907 3103 etiarn
935 3042 1081 3105 custodes
1103 3044 1246 3107 absolute

142 3149 191 3226 (L.
203 3148 233 3211 9.
248 3147 288 3209 de
302 3145 414 3209 metalt.
424 3146 462 3211 X.
480 3149 558 3226 to),
584 3147 706 3210 litorum
731 3149 886 3212 custodes.
901 3151 973 3224 (LL.
984 3152 1013 3213 5.
1030 3153 1078 3228 [7.
1094 3152 1134 3214 de
1155 3153 1248 3216 navi-

142 3256 238 3322 cular.
252 3255 393 3334 itlius)
437 3256 599 3335 Custodes,
622 3258 758 3338 inquam,
783 3276 839 3340 por
857 3260 1046 3339 provincias,
1071 3277 1149 3341 quae
1171 3261 1248 3324 mari

142 3360 304 3428 alluuntur.
320 3361 465 3440 (dbfl.)
491 3362 589 3426 Certis
614 3363 652 3426 de
676 3364 790 3441 causis,
815 3365 948 3446 inquam,
971 3372 1042 3447 puta
1056 3374 1089 3430 ut
1104 3388 1143 3432 ne
1157 3388 1248 3434 men-

141 3491 246 3538 suram
269 3490 326 3536 seu
348 3472 472 3535 modum
495 3472 600 3534 oneris
627 3490 735 3534 cursus
758 3473 872 3552 publici
894 3477 1053 3557 quisquam
1075 3480 1248 3562 egredere-

140 3590 190 3647 tur
212 3584 260 3663 (L.
270 3585 321 3649 30.
334 3584 374 3647 de
387 3602 479 3647 cursu
492 3583 608 3665 pvllt.
621 3585 679 3660 5.).
702 3589 736 3644 ut
759 3601 797 3644 ne
820 3603 940 3648 merces
964 3586 1089 3652 illicitae
1110 3590 1149 3654 ad
1170 3591 1248 3655 bar-

140 3694 234 3757 baras
257 3695 398 3757 nationes
423 3694 664 3757 transferrentur
676 3692 724 3766 (L.
734 3693 763 3757 3.
775 3711 813 3754 eo
826 3696 868 3755 tit.
879 3702 909 3758 et
920 3697 952 3759 L.
967 3701 992 3759 1.
1004 3697 1062 3778 siq.
1074 3716 1142 3778 pec.
1153 3701 1245 3764 confl.

140 3802 266 3881 titas,
287 3805 320 3866 L.
336 3805 383 3866 ld.
398 3803 437 3865 de
459 3803 629 3865 euriosvl.
645 3802 730 3880 993:
756 3819 814 3884 qua
840 3802 878 3866 de
908 3822 1000 3867 ceusu
1023 3807 1165 3870 Naucleri
1190 3827 1246 3874 seu

138 3912 331 3978 Mercatores
355 3915 562 3973 commeantes
590 3926 710 3971 rnerces
733 3927 805 3971 suas
829 3911 965 3991 profiteri
995 3913 1176 3977 tenebantur
1197 3918 1243 3993 (d.

138 4018 237 4083 L.ult.
250 4017 290 4080 de
307 4017 351 4078 lit.
366 4024 396 4078 ct
409 4019 474 4079 itin.
489 4023 564 4079 cust.
576 4017 638 4079 Vll.
656 4018 739 4094 tti.);
763 4019 835 4080 item
858 4037 896 4081 ne
924 4037 1076 4098 personae
1102 4022 1244 4090 fortassis

139 4133 244 4192 certae
262 4125 433 4189 conditioni
455 4123 633 4201 adstrictae,
655 4124 749 4186 veluti
762 4123 920 4188 bletallarii
943 4146 1015 4190 sese
1036 4130 1244 4197 subducerent
1358 4104 1361 4108 Δ

137 4239 189 4304 vel
212 4240 396 4322 aufugerent
410 4237 457 4310 ιι.
468 4236 497 4299 9.
511 4237 550 4299 do
563 4237 674 4298 nietall.
687 4238 724 4300 X.
738 4236 821 4313 19.);
844 4238 915 4300 itenr
930 4256 969 4303 ne
984 4241 1142 4322 quisquam
1156 4260 1243 4305 com-

137 4347 304 4414 meantium
327 4346 438 4410 iniuria
461 4346 653 4425 adficeretur,
680 4362 740 4429 quo
762 4347 892 4427 pertinet
914 4347 964 4411 lex
977 4352 1006 4411 5,
1021 4350 1050 4415 8.
1067 4353 1116 4415 17.
1129 4352 1241 4417 deua-

91 4547 1293 4618 *ΜΕ-,ι
