2918 4914
152 376 157 385 ’
248 382 361 457 1090*
377 403 496 454 annor.
509 404 1347 458 snsonocccnnxc.smerosrrvmarecantamus.

244 606 359 671 emissa
382 609 429 668 est
458 605 492 668 L.
505 622 556 667 un.
573 604 643 684 cit,
667 622 730 667 non
754 605 844 686 primi
868 606 1078 688 Augustorum
1105 606 1283 671 consulatus
1305 618 1351 688 (p.
1412 660 1415 693 ,

178 776 180 811 ἶ
244 715 427 796 canaan),
451 715 508 779 sed
527 715 718 796 insequentis
734 715 863 779 alicuius
874 717 912 794 ²⁸,
928 715 1130 797 probabiliter
1146 717 1238 796 tertii,
1255 719 1351 782 fuisse
1413 752 1415 781 :

179 845 181 918 ζ
244 827 485 908 comprobatur:
518 827 577 888 boo
606 827 686 889 enim
713 844 793 888 anno
821 825 1014 889 Theodosius
1040 826 1188 910 Magister
1218 829 1352 910 equitum
1413 806 1415 811 ¹

180 963 182 987 ³
244 939 343 1003 iactus
366 943 415 1000 est
439 936 670 1016 (ci.not.99.);
693 944 724 999 et
745 935 817 998 huic
837 935 939 999 eidem
956 936 1004 998 vel
1028 937 1127 1017 quarti
1141 939 1352 1023 Augustorum
1413 982 1416 1015 ,

179 1090 181 1107 .
245 1047 425 1112 consulatus
457 1065 538 1110 anno
562 1047 670 1125 (373.)
696 1046 903 1110 Gotholredus
933 1046 1024 1109 etiam
1044 1048 1080 1135 l..
1098 1049 1208 1111 l.lust.
1222 1048 1255 1110 C.
1273 1068 1353 1131 quae
1414 1090 1416 1151 Ι

244 1176 296 1224 res
321 1163 440 1239 export.
457 1155 716 1240 1V.o1.egregie
735 1158 917 1220 sententiam
942 1163 1080 1221 nostram
1101 1156 1269 1222 firmantem
1296 1161 1417 1253 ad-

179 1291 180 1296 *
245 1268 342 1334 scribi
367 1267 483 1345 voluit;
508 1285 578 1329 nam
607 1287 642 1330 ca
665 1266 757 1329 iidem
789 1268 991 1348 imperatores
1020 1286 1087 1330 cum
1115 1267 1301 1332 Gratiano
1293 1289 1354 1333 iarn
1415 1278 1418 1341 3

244 1378 387 1460 Augusto
413 1376 495 1439 lacto
511 1375 570 1456 ,ad
586 1376 780 1439 Theodorum
797 1376 851 1452 [nl.
864 1375 1066 1455 Theodotum,
1084 1376 1124 1439 cl.
1135 1376 1354 1461 llrcodotium]
1415 1358 1418 1435 l

178 1469 180 1527 ³3
243 1488 427 1570 Magistrum
450 1484 594 1549 militum<
619 1485 689 1548 data
713 1485 955 1566 praecipiunt:,‚
958 1485 1006 1547 Ad
1029 1485 1223 1553 barbaricum
1246 1494 1356 1552 trans·
1415 1468 1418 1587 J

244 1597 367 1664 ferendi
390 1597 455 1659 vlni
474 1602 504 1660 et
528 1596 589 1659 olei
614 1601 644 1659 et
662 1595 838 1677 liquaminis
858 1596 970 1659 nullam
990 1597 1148 1678 quisquam
1172 1597 1418 1663 habentia-1

246 1708 401 1786 cultatem,
428 1723 488 1770 nec
503 1712 612 1789 gustus
634 1704 757 1786 quidem
778 1723 888 1783 caussa
911 1712 964 1768 aut
976 1724 1050 1769 usus
1065 1708 1354 1773 commerciorum“.
1415 1654 1418 1779 d

245 1819 380 1900 itemque
404 1817 514 1895 simul,
541 1835 637 1898 quaro
666 1816 704 1878 ad
732 1816 912 1897 Magistrum
934 1815 1081 1896 militum,
1104 1835 1166 1879 non
1196 1818 1234 1881 ad
1262 1819 1306 1882 Pl.
1323 1821 1353 1883 Ρ.
1408 1822 1417 1963 j

178 1935 179 1943 ’
245 1935 297 1992 aut
320 1928 358 1991 ad
381 1927 538 1990 Vicarium
565 1933 760 1989 rectoremve
782 1926 975 2007 provinciae,
1001 1928 1179 1990 constitutio
1211 1929 1282 1992 dala
1304 1931 1355 2010 sit,
1408 1966 1417 2011 p

177 2105 179 2135 ζ
246 2037 418 2120 explicatur
427 2058 437 2116 ;
460 2055 519 2099 nee
541 2038 659 2115 minus,
685 2037 723 2100 de
745 2037 897 2099 Loelorum
921 2037 1085 2100 connubiis
1111 2055 1173 2101 non
1197 2040 1356 2121 cogitasse
1407 2024 1416 2131 'l

177 2145 179 2196 ἶ
243 2149 325 2234 legis
348 2167 399 2211 un.
421 2148 471 2211 cit.
495 2149 641 2226 latorem,
672 2153 816 2228 apparot:
841 2147 940 2210 Laetos
969 2148 1000 2209 in
1023 2147 1153 2230 illyricis
1182 2151 1355 2232 provinciis
1406 2136 1416 2295 'f

177 2318 178 2322 ,
245 2278 378 2341 unquam
398 2257 530 2336 sedisse,
557 2257 658 2321 adhuc
675 2275 766 2321 nemo
785 2257 958 2336 affirmavit,
982 2258 1118 2323 Gentiles
1132 2266 1244 2339 autem,
1265 2280 1356 2339 „ser-
1405 2270 1415 2353 ἒξ

111 2408 116 2418 ·
176 2376 178 2381 ’
244 2389 302 2436 vos
324 2371 566 2447 Sarmatarum“,
599 2386 654 2450 per
686 2368 811 2432 easdem
836 2368 953 2452 ingenti
983 2386 1112 2433 nurnero
1143 2370 1201 2433 iam
1226 2391 1243 2433 a
1270 2372 1355 2435 Gon·

176 2498 178 2511 ¹
244 2481 377 2548 stanlino
410 2479 527 2543 divisas
564 2479 659 2543 luisse
690 2478 846 2560 Anonymi
870 2479 1025 2544 Valesiani
1056 2486 1085 2573 et
1114 2481 1294 2564 Hieronymi
1324 2501 1353 2564 p.

176 2607 177 2656 ξ
246 2591 355 2658 10862.
370 2589 491 2671 repetiti
508 2589 571 2652 loci
590 2595 749 2667 testantur,
767 2589 905 2669 quanms
920 2608 980 2653 non
996 2598 1101 2672 aperte
1122 2591 1200 2655 tales
1218 2592 1355 2657 Gentiles

176 2735 178 2771 ι
246 2721 301 2768 eos
326 2701 394 2765 sive
417 2705 535 2780 partem
559 2717 665 2762 eorum
690 2701 789 2764 iactos
817 2717 889 2762 esse
913 2703 1100 2781 exprimant,
1131 2702 1236 2784 quales
1260 2722 1356 2784 prae-

176 2851 178 2857 <
244 2811 372 2879 sentiani
397 2809 435 2872 de
459 2809 568 2890 quibus
594 2809 726 2893 agimus,
749 2811 881 2873 suerunt.
908 2809 945 2871 ad
964 2810 1022 2874 bos
1044 2830 1167 2893 quoque
1184 2814 1354 2893 quominus

244 2924 277 2987 t.
289 2940 340 2985 uu.
356 2919 407 2982 cit.
419 2918 563 2998 referam,
587 2918 634 2982 bis
657 2920 829 2983 rationibus
845 2937 993 2983 moveor:
1013 2922 1051 2984 ad
1063 2922 1244 3005 Magistrum
1255 2922 1355 3004 Epai-

244 3038 307 3096 tum
329 3049 365 3095 ea
392 3029 463 3092 data
487 3035 543 3108 est,
570 3028 732 3093 Gentilium
757 3036 856 3094 autem
880 3031 1095 3111 praefecturae
1117 3033 1173 3095 sub
1193 3034 1275 3116 Mag.
1294 3051 1354 3114 pe-

244 3143 339 3207 ditam
360 3139 554 3220 praesentali
578 3140 700 3204 suerunt
709 3161 718 3218 3
740 3140 814 3203 nulli
843 3139 957 3204 deinde
989 3160 1088 3224 nequo
1112 3143 1223 3207 Gentili
1253 3162 1354 3226 neque

245 3255 338 3318 etiam
353 3252 448 3328 laeto,
464 3251 525 3312 nisi
548 3250 711 3331 specialia
729 3251 886 3331 praelecto
905 3268 963 3313 suo
987 3253 1077 3315 venia
1098 3253 1268 3333 impetrata,
1284 3273 1354 3318 ma-

245 3362 423 3427 trimonium
447 3360 528 3423 inire
549 3360 686 3438 licuisse,
710 3360 760 3424 vel
781 3362 851 3423 sine
874 3366 951 3423 teste
975 3361 1129 3425 al'srrmare
1154 3362 1271 3442 ausim;
1295 3364 1354 3427 de-
1412 3422 1414 3429 .

245 3476 340 3557 nique
365 3473 545 3555 gentilitiae
576 3472 770 3535 condicionis
795 3472 928 3535 abiectio
953 3471 1070 3535 liberos
1104 3471 1239 3536 Gallicos
1269 3473 1355 3537 ltali-

246 3601 343 3648 oosve
368 3583 453 3645 cives
483 3600 539 3662 per
570 3601 605 3645 se
633 3583 708 3644 satis
742 3601 760 3644 a
787 3581 1055 3644 coniunctionibus
1087 3601 1154 3645 oum
1189 3582 1354 3648 seruilibus

247 3694 396 3759 Sarmatis
420 3692 633 3768 absterruerit,
656 3692 738 3771 quod
761 3708 943 3771 nonaeque
965 3691 1004 3753 de
1029 3692 1142 3755 ceteris
1158 3693 1305 3756 Samnatis
1323 3695 1354 3755 in

246 3801 426 3884 provincias
448 3803 603 3882 receptis,
627 3817 687 3862 non
713 3800 883 3863 Gentilibus
905 3801 1005 3878 sactis,
1028 3801 1090 3863 dici
1112 3802 1234 3881 poterit.
1280 3805 1353 3883 quid
1414 3792 1418 3903 l

182 3967 184 4004 ,
247 3911 328 3992 quod
349 3912 554 3974 Cassiodorus
571 3917 599 3955 22
619 3910 785 3993 gentilibus
808 3911 1044 3990 possessoribus
1059 3911 1259 3974 Saviensibus
1285 3931 1353 3977 cum

246 4079 548 4090 unu—m

349 4163 383 4228 29)
402 4160 565 4212 Secundus
559 4179 584 4213 tn
607 4164 711 4228 atos,
732 4164 825 4215 tertias
844 4164 998 4228 irradio
1019 4173 1126 4234 quartus
1146 4181 1172 4216 sn
1193 4181 1217 4217 a.
1230 4165 1316 4217 373.“
1310 4181 1353 4216 m-

248 4257 321 4310 cidit.
428 4259 463 4325 9)
486 4258 605 4310 Cassiod.
609 4261 702 4312 Vani.
709 4259 769 4310 ld?
763 4262 877 4327 inepist.
885 4260 1042 4312 'lbeodorici
1065 4263 1136 4330 regis
1156 4277 1206 4330 qua
1226 4261 1354 4314 Severia-

248 4369 309 4405 num
329 4353 435 4404 tributis
424 4368 509 4420 lei·
536 4354 641 4407 Savianr
667 4357 865 4423 possessoribus
885 4358 1052 4426 imponendis
1078 4358 1212 4427 praedicit.
1228 4358 1353 4429 „Antiqui

1413 4282 1418 4463 l
