2918 4914
989 241 1309 288 mh*

419 413 572 463 aaran.
594 390 973 465 marca.127*.128'.
1127 391 1238 464 1189*
1303 357 1307 413 ¹

142 615 311 698 appellatur
338 616 388 678 hic
415 615 566 693 Praeses,‘
599 633 667 677 eum
699 616 811 678 ceteris
840 615 1033 696 praesidibus
1064 615 1241 679 inferiorem

139 727 239 791 luisse
264 725 388 788 indicat.
424 724 628 788 clarissimum
657 726 753 806 ipsum
785 742 906 805 quoque
937 724 1033 788 luisse
1063 731 1094 788 et
1124 724 1242 807 lapides

138 834 245 917 paullo
273 841 341 916 post
362 835 513 897 recitandi
536 840 567 897 et
590 834 621 897 id
643 835 738 915 ipsum
761 835 842 917 quod
861 832 919 898 hac
935 834 1049 899 Nolitia
1071 836 1242 900 recensitus

141 951 200 1025 est,
226 951 332 1026 aperte
352 944 562 1025 comprobant.
586 944 804 1025 perfectissimi
824 944 1006 1008 vocabulum
1023 945 1160 1010 Praesidi
1184 946 1243 1010 tri-

140 1055 245 1118 butum
269 1055 401 1117 eundem
423 1072 485 1117 non
508 1055 587 1118 inira
610 1054 798 1117 clarissimos
823 1055 973 1133 trahebat,
994 1063 1025 1118 ut
1046 1056 1170 1137 saepius
1192 1055 1243 1118 vi-

142 1162 243 1227 dimus
266 1163 315 1227 vel
343 1163 510 1226 illustribus
540 1163 776 1245 appellationem
806 1164 1046 1228 clarissimorum
1075 1165 1183 1243 tribui,
1213 1171 1244 1228 et

141 1274 176 1337 in
198 1272 351 1354 lapidibus
374 1273 475 1349 etiam,
497 1290 625 1353 quorum
648 1273 742 1355 longe
765 1275 863 1337 maior
878 1292 948 1354 pars
966 1274 1242 1356 praesidiumue.

142 1382 259 1460 tribuit,
283 1382 432 1446 interdurn
456 1383 491 1444 V.
502 1381 532 1444 P.
551 1381 681 1463 legitur,
705 1402 732 1446 e.
748 1403 775 1446 c.
797 1384 924 1464 p.146*.
940 1385 1038 1463 med.;
1062 1385 1164 1464 itaque
1186 1401 1244 1447 nec

140 1509 225 1554 nunc
247 1491 286 1555 ab
315 1509 353 1554 eo
378 1491 512 1570 recedo,
535 1491 616 1571 quod
641 1491 712 1554 olim
735 1493 783 1569 (in
809 1495 979 1575 arg-umenti
1002 1494 1113 1575 explic.
1132 1495 1245 1575 pili.)

143 1601 219 1679 dixi,
244 1601 324 1664 hanc
341 1601 484 1665 Nobilium
507 1618 570 1663 non
592 1603 746 1685 attingere
766 1603 1021 1682 perfectissimos,
1047 1604 1107 1666 ie.
1120 1604 1148 1667 si
1170 1603 1244 1667 artis

142 1711 326 1775 vocabulum
350 1711 455 1773 stricte
478 1711 616 1789 sumitur,
639 1717 672 1774 ut
692 1730 751 1773 nec
766 1711 1021 1775 nobilissimatum
1035 1713 1246 1792 patriciatum-

143 1839 220 1902 que,
247 1822 358 1900 quippe
378 1820 430 1900 qui
453 1837 515 1882 non
539 1821 617 1883 inter
640 1821 922 1884 administrationes
948 1822 1142 1903 computandi
1164 1828 1244 1901 sunt,

145 1931 299 2011 exposuit.
343 1931 476 1992 Accedit
496 1933 578 2010 quod
593 1931 755 2011 Dalmatia,
777 1932 873 2011 ipsius
897 1949 1045 1995 novarum
1067 1932 1246 2013 provincia-

143 2058 210 2104 rum
236 2041 323 2120 quasi
346 2041 538 2120 conditoris,
564 2041 750 2105 Diocletiani
780 2042 863 2121 imp,
891 2042 1012 2121 patria,
1034 2061 1074 2105 ex
1104 2041 1245 2106 omnibus

144 2149 276 2232 lllyricis
300 2151 484 2231 provinciis,
508 2151 564 2213 sub
587 2152 681 2232 ipsius
700 2151 849 2215 Praelecti
871 2151 1028 2232 praetorio
1051 2150 1157 2217 ltaliae
1180 2152 1246 2215 dis-

142 2259 309 2341 positione,
332 2265 365 2321 ut
386 2259 488 2323 mullis
507 2259 586 2324 locis
608 2261 739 2325 vidimus
754 2262 812 2340 (ci.
821 2262 907 2341 impr.
916 2259 1042 2341 paean
1053 2266 1083 2322 et
1093 2267 1195 2323 annot.
1205 2261 1245 2324 ad

145 2369 348 2450 cap.XLll.],
374 2371 547 2433 constitutis
570 2377 600 2433 et
621 2370 737 2433 ltaliam
768 2372 905 2451 proxime
929 2371 1116 2453 attingebat,
1141 2377 1190 2450 et,
1213 2377 1246 2434 ut

142 2484 227 2542 terra
252 2478 390 2559 marique
412 2497 479 2542 cum
503 2480 553 2542 illa
578 2481 742 2542 coniuncta
764 2486 821 2558 est,
844 2481 885 2543 ita
908 2481 939 2542 in
956 2499 994 2543 eo
1011 2494 1133 2561 quoque
1154 2499 1245 2545 ace·

145 2588 222 2651 teris
238 2587 367 2670 illyricis
388 2590 556 2670 provinciis
572 2589 695 2653 diversa
714 2596 744 2653 et
764 2592 850 2671 quasi
867 2591 969 2653 italica
991 2591 1057 2671 ipsa
1080 2592 1146 2670 luit,
1162 2592 1244 2672 quod

142 2697 245 2762 nullus
269 2699 380 2761 Comes
409 2699 547 2763 militaris
574 2705 625 2763 aut
648 2701 716 2763 Dux
741 2700 841 2764 eidem
872 2701 1044 2782 imperaret.
1096 2701 1244 2766 Delmatia

143 2808 307 2890 provincia
329 2807 408 2872 alios
430 2815 523 2890 atquo
547 2810 696 2874 hodierna
718 2810 878 2889 Dalmatia,
898 2810 975 2874 finos
998 2810 1112 2888 habuit,
1135 2811 1246 2877 Libur-

142 2919 288 2998 niamque
314 2919 590 2999 complectebatur,
614 2921 652 2983 ab
680 2920 793 2984 llistria
817 2921 976 3002 usquead
1005 2921 1246 2986 Praevalitanam

142 3034 174 3091 at
197 3027 325 3090 Drinum
345 3026 374 3089 ll.
387 3029 596 3108 Moesiamque
610 3030 737 3093 Primam
760 3047 814 3109 per
837 3030 930 3093 maris
951 3029 1118 3093 Hadriatici
1141 3030 1247 3112 longi·

145 3137 281 3200 tudinem
304 3142 460 3217 protensa,
483 3136 649 3199 Pannoniis
672 3155 739 3199 cum
762 3139 853 3200 Savia
877 3139 915 3201 ab
938 3139 1081 3218 aquilone
1104 3139 1242 3203 defensa.

141 3246 257 3313 Salona
280 3244 529 3326 (cl.p.312*.aq.
547 3246 584 3309 ad
601 3264 629 3327 p.
639 3247 709 3309 43&
723 3248 750 3323 l.
767 3248 827 3323 17,
840 3247 892 3309 ubi
912 3246 982 3309 add.
1002 3248 1243 3328 Sponiilliscell.

145 3357 217 3421 179.
229 3373 296 3436 sqq.
310 3354 413 3418 titulos
425 3355 703 3435 Dalmatexbibb.)
722 3357 900 3437 provinciae
919 3357 1097 3438 metropolis
1120 3358 1246 3438 procul-

142 3483 203 3546 que
231 3465 325 3527 dubio
354 3465 507 3545 praesidis
540 3466 696 3529 ordinaria
724 3465 816 3530 sedes
839 3465 905 3529 luit.
948 3466 986 3529 Et
1006 3465 1115 3530 Diouis
1146 3466 1245 3533 Cassii

144 3581 264 3655 patrem
282 3579 312 3636 et
335 3572 448 3635 deinde
466 3574 563 3652 ipsum
586 3574 765 3637 historicum
784 3573 954 3637 Dalmatiae
974 3576 1128 3655 quondam
1150 3592 1246 3656 prae-

142 3684 242 3748 fuisse
270 3682 342 3745 loco
365 3701 394 3763 p.
413 3682 502 3747 659⁸.
524 3685 707 3765 transcripto
726 3686 797 3765 ipse
819 3686 983 3748 enarravit.
1034 3685 1245 3750 Procuratoris
1294 3766 1301 3781 ἱ

145 3793 330 3875 provinciae
350 3793 521 3857 Dalmatiae
544 3801 574 3856 et
589 3793 721 3856 Histriae
738 3795 769 3855 in
791 3795 834 3855 tit.
846 3811 892 3875 ap.
910 3794 1009 3856 lacum
1021 3794 1244 3861 Vulsiniensem

143 3908 268 3984 reperto
290 3903 404 3966 mentio
428 3902 473 3980 fia
498 3904 531 3967 C.
545 3903 630 3968 Rufio
646 3904 679 3967 C.
695 3905 715 3968 l.
731 3904 885 3985 Pomptina
899 3906 988 3968 Festo
1006 3922 1074 3967 eum
1095 3906 1128 3968 G.
1142 3907 1244 3971 Rullus

144 4013 253 4077 Festus
276 4012 397 4077 Laelius
420 4013 538 4076 Firmus
560 4033 626 4075 cv.
649 4015 759 4095 posuit.
784 4015 905 4086 (Mutat.
923 4015 995 4093 740,
1014 4014 1063 4094 ll.)
1082 4015 1244 4081 Praesides

144 4128 245 4186 autem
268 4123 400 4184 nonnisi
426 4123 456 4184 in
483 4122 530 4186 iris
554 4122 672 4185 duobus
695 4124 790 4187 titulis
811 4131 997 4188 memoratos
1018 4125 1099 4208 legi:

183 4252 212 4316 l)
231 4248 356 4302 Sebenici
374 4249 402 4300 iu
421 4248 505 4301 Dalm.
521 4256 641 4316 reperto:
661 4264 781 4302 rrnrrrs.
796 4267 836 4302 ar.
849 4253 1026 4327 racrlcrrm.
1038 4267 1131 4306 osnes.
1146 4255 1240 4328 arrae}

144 4368 293 4408 rurscam.
309 4354 506 4429 caenulentam.
526 4340 557 4407 os
567 4371 593 4408 a.
608 4370 646 4406 rr..
664 4370 708 4408 irc
724 4358 729 4428 Ι
746 4371 889 4410 consumi
911 4360 1087 4429 [conarnnrro
1099 4356 1178 4428 aad]
1198 4372 1242 4412 rr·

97 4546 1319 4603 Q*
1341 4594 1346 4601 ,
