2918 4914
240 338 355 413 1200*
455 358 661 411 murreum
685 361 886 411 conionum
909 364 951 412 ro
976 365 1053 415 vor..
1068 366 1111 417 ιι.

338 618 472 671 cuiusdam
502 618 600 672 habere
618 618 860 689 significationem,
885 636 1042 690 quemquem
1070 621 1152 675 nolim
1174 623 1343 678 Peucirolum

336 716 487 768 uomiuuton
500 723 593 783 putore
612 716 763 768 iiiviteneeo
784 732 799 767 u
819 716 911 769 Dioeto
930 718 988 771 rive
1008 717 1116 783 Donato,
1134 719 1248 789 ignobili
1267 721 1340 775 sici.

337 813 390 864 iiao
410 813 517 881 oppido.
559 813 615 865 Nec
635 815 720 883 megin
740 820 780 866 cot
800 816 985 885 cogitandum,
1005 815 1154 884 appellator
1180 834 1240 871 ense
1259 819 1341 872 iiivi-

338 917 428 962 tenses
458 908 489 960 ah
519 909 616 977 oppido
641 911 700 962 nive
728 909 837 963 cartello
868 918 958 963 contru
983 911 1205 983 Agrippinensem
1234 915 1339 968 urbem.

338 1008 411 1071 erue
431 1021 510 1075 quum
531 1008 567 1058 itu
586 1008 638 1059 nint
663 1008 722 1059 iure
747 1021 796 1058 ouo
825 1007 959 1061 dubitmoe
987 1024 1084 1061 eeuneo
1104 1009 1281 1081 Bdckiugium
1307 1013 1342 1066 de

337 1105 447 1173 legione
475 1104 553 1155 dicite
577 1119 688 1173 eumque
713 1103 904 1157 dubitationem
927 1119 998 1175 nego
1020 1106 1109 1158 reieiii
1136 1106 1220 1159 tituli·
1243 1108 1280 1160 ub
1306 1125 1341 1161 eu

336 1199 502 1269 postmodum
520 1199 653 1253 allaim...-
664 1200 810 1270 Legionem
829 1215 893 1255 vero
910 1202 1024 1269 diutim
1046 1218 1115 1271 quoe
1132 1219 1176 1256 ree
1192 1221 1258 1259 eune
1272 1208 1341 1260 miro

336 1299 415 1364 foret,
433 1313 562 1366 nunquam
582 1305 684 1351 emtore
702 1305 776 1366 puto,
795 1300 846 1351 nini
865 1300 893 1351 in
911 1299 1014 1353 Gruteri
1033 1301 1236 1356 indice...muie
1256 1303 1340 1357 lecto.

336 1394 399 1447 Num
420 1394 492 1463 legio
511 1394 546 1445 li.
560 1394 656 1446 italico
673 1395 845 1448 limirensium
865 1411 919 1447 uon
938 1397 1016 1449 ulitur
1028 1397 1177 1465 appelletur
1195 1406 1276 1469 utque
1297 1400 1341 1455 le.

336 1494 381 1561 gio
401 1490 526 1543 Psintino
545 1490 718 1544 Diuitenrium
735 1494 873 1545 Saniorum
891 1494 919 1545 in
935 1493 1153 1564 iiot.1)ign.Oec.
1166 1495 1269 1549 c.Vi.et
1287 1516 1340 1550 nu-

336 1590 401 1641 meri
418 1590 448 1658 (i.
460 1604 484 1640 e.
497 1587 620 1640 cohorter
632 1588 693 1663 [?])‚
713 1589 857 1642 Delmatici
864 1589 904 1662 [?]
917 1591 1089 1643 Divitensium
1106 1593 1200 1646 eodem
1216 1595 1339 1647 redeunt.

335 1685 462 1740 Nimirum
481 1684 585 1755 gentile
600 1691 641 1737 ent
658 1685 818 1738 udtcctivum
836 1687 992 1752 Divitenrin‚
1012 1688 1082 1757 quod
1101 1689 1170 1741 uude
1189 1696 1276 1743 ortnm
1294 1693 1339 1757 rit,

337 1798 415 1850 quum
434 1797 512 1835 nemo
534 1781 687 1846 tradiderit,
709 1784 862 1835 coniectum
880 1783 907 1835 id
928 1784 1042 1837 fortune
1064 1800 1244 1854 tutequemnr.
1283 1786 1340 1839 Pri·

334 1894 404 1931 mum
424 1880 506 1949 igitur
525 1878 659 1931 Orunnom
677 1885 751 1931 reete
771 1880 919 1932 coniecime
938 1887 1003 1949 puto
1022 1883 1062 1949 (in
1080 1882 1171 1934 Dianio
1189 1882 1241 1935 litt.
1253 1886 1338 1954 untiq.

338 1976 524 2048 trisenon),
544 1975 724 2045 Tungricunoe
742 1974 951 2045 Diviteneeeque
968 1978 1072 2029 vicinos
1089 1980 1159 2031 iuter
1177 1994 1208 2030 ee
1224 1979 1341 2047 popuion
1359 2000 1366 2019 ν

335 2074 428 2138 iniere,
448 2079 528 2141 utque
553 2071 603 2124 hoe
623 2073 728 2141 quidem
755 2087 838 2140 prope
856 2074 976 2143 Tungros
993 2075 1021 2125 in
1040 2075 1178 2142 provincie
1195 2075 1340 2130 Leodienni

336 2171 465 2224 hodierne
489 2169 567 2224 tedes
594 2169 729 2223 hebuime.
773 2170 835 2222 Tum
860 2186 924 2223 voro
945 2171 1087 2224 Germanos
1108 2172 1192 2225 inim
1213 2174 1338 2226 existimo

338 2264 370 2321 e't·
383 2268 501 2338 Tungros
521 2274 546 2319 et
565 2267 728 2333 Divitenoeo,
750 2284 830 2337 quum
850 2283 901 2320 uun
919 2284 1024 2336 semper
1033 2268 1073 2340 [i]
1088 2278 1336 2323 commemorentur.

337 2366 435 2430 Quodsi
459 2380 512 2416 non
540 2364 610 2417 fallit
634 2379 682 2416 non
703 2365 871 2430 coniectum,
899 2366 985 2432 iprum
1006 2365 1176 2418 Diuitenrium
1202 2381 1298 2420 nomen
1322 2382 1337 2420 e

337 2463 410 2515 ionte
437 2477 543 2515 munere
567 2462 673 2514 videtur
699 2462 864 2515 Germanico.
911 2461 1015 2514 Etenim
1042 2463 1251 2531 antiquissimum
1278 2479 1339 2517 eene

233 2630 238 2636 Ι
338 2563 423 2631 gentis
441 2559 600 2612 vocuhuium
619 2569 690 2613 teuto
709 2562 767 2613 nive
785 2561 847 2626 diet,
867 2574 946 2629 cupre
963 2560 1215 2631 ostendimun‚quod
1234 2563 1262 2613 in
1281 2563 1338 2629 ipnu
1392 2572 1397 2621 Ι

336 2659 388 2709 inm
411 2657 580 2708 Teutonorum
604 2670 635 2707 oc
661 2655 792 2707 iuiseonir
811 2656 991 2723 eppeiiutioue
1015 2671 1166 2724 comperero
1189 2672 1268 2710 nemu
1287 2675 1339 2711 ue·
1392 2630 1397 2711 i

337 2754 397 2804 neit.
436 2751 533 2815 Quidni
552 2752 634 2820 igitur
649 2750 805 2803 Germanice
819 2751 909 2820 ulique
928 2768 995 2822 genn
1014 2754 1189 2807 interiturum
1199 2753 1338 2806 Rhenum·
1391 2740 1397 2805 Ι

336 2862 388 2915 que
407 2852 508 2898 metune
528 2845 675 2911 collocate,
695 2854 772 2899 vetuo
789 2861 887 2900 nomen
906 2851 1069 2915 servaverit,
1088 2864 1171 2919 neque
1189 2851 1338 2905 Dicitanus
1392 2810 1397 2865 Ι

336 2942 406 2996 iurte
424 2941 622 3010 oppeliuverit‘i
663 2942 715 3008 Qui
734 2959 814 3012 quum
837 2943 937 2997 bellice
958 2953 1123 3013 pmeoterent
1141 2947 1255 3013 virtute,
1275 2963 1338 3001 me-
1393 2914 1398 2953 q

336 3040 398 3094 culo
418 3047 527 3108 quarto,
548 3038 764 3108 quemadmodum
784 3041 901 3094 iiuttiuci
925 3049 952 3094 et
970 3042 1051 3105 Sulii,
1072 3042 1204 3095 Tubuuten
1222 3050 1249 3096 et
1271 3044 1339 3098 Ter.

336 3141 428 3209 vingi,
447 3136 542 3190 Fruuei
562 3144 589 3189 et
602 3136 766 3211 plumeum,
786 3145 878 3207 totque
897 3138 950 3192 uiiu
969 3139 1155 3191 Germanorum
1176 3139 1291 3206 auxilio,
1310 3143 1338 3193 in

337 3235 490 3306 legionibus
509 3234 633 3286 iiomuuie
653 3249 702 3302 per
723 3237 811 3286 verior
830 3234 947 3288 Orienti·
966 3242 1045 3304 utque
1065 3235 1218 3289 Occidentis
1235 3236 1339 3290 militu-

335 3332 399 3385 bunt
419 3332 578 3398 provincius.
614 3332 653 3382 Ae
670 3332 692 3382 ei
711 3330 838 3383 udverrm
856 3332 1090 3401 Agrippinensium
1108 3332 1200 3385 urbem
1219 3334 1247 3385 in
1267 3334 1336 3387 dex-

335 3437 374 3481 tm
393 3428 479 3482 Rheni
499 3429 556 3494 ripn
575 3427 721 3495 primove}
740 3426 825 3480 altero
845 3429 897 3479 ium
915 3436 974 3495 pont
993 3430 1140 3499 Augustum
1160 3429 1270 3483 meculo
1289 3447 1338 3483 cu.

339 3525 447 3579 uteilum
466 3525 600 3576 conditum
618 3523 712 3586 iniere,
732 3530 775 3575 eut
792 3522 933 3589 credibile,
951 3524 1021 3594 quod
1032 3525 1234 3578 Veientiniuune
1250 3541 1339 3596 neque
1396 3510 1400 3523 ’

336 3639 368 3677 no
387 3622 577 3675 Conotnntinun
600 3622 678 3672 novio
698 3627 827 3674 unxerunt
845 3622 960 3673 turribus
981 3638 1014 3675 ue
1031 3624 1216 3688 munimentis,
1243 3624 1338 3692 ingre.

336 3727 466 3775 vescente
484 3733 589 3786 temper
601 3716 759 3771 ancorum
781 3720 976 3788 impetumque
994 3721 1155 3786 incunionm
1175 3720 1338 3788 pmonidium

336 3819 374 3871 ibi
393 3817 571 3869 Diuitennium
590 3815 705 3869 iortume
728 3816 936 3883 constituerunt,
956 3832 972 3870 n
990 3832 1043 3885 quo
1060 3830 1157 3869 nomen
1176 3823 1271 3885 poetcu
1289 3835 1338 3871 cn·

336 3923 418 3968 utrum
437 3917 550 3982 accepit.
589 3912 654 3966 Num
673 3928 727 3966 nou
746 3928 807 3966 eme
825 3914 974 3983 uppeliuton
993 3913 1145 3967 Biritenoen
1165 3914 1199 3966 nb
1217 3914 1268 3967 hoe
1289 3931 1338 3967 cu-

338 4012 428 4078 ntciio,
449 4026 503 4063 non
521 4026 588 4080 opnn
611 4018 652 4064 ent
670 4016 699 4062 ut
716 4012 879 4081 argumentis
901 4013 979 4063 etium
997 4010 1206 4064 confirmemus«.
1231 4010 1338 4065 Nullum
1398 4068 1401 4073 ,

339 4109 463 4178 equidem
482 4108 524 4160 hin
541 4110 651 4162 nomniie
677 4108 864 4178 etymologicie
883 4107 960 4160 iidem
979 4106 1125 4160 iubendum
1147 4122 1207 4160 eme
1225 4107 1339 4160 demon·
1397 4150 1401 4163 .

337 4207 457 4259 strabunt
485 4205 548 4271 ulii;
576 4204 703 4274 Deyciruii
729 4204 894 4274 aliorumque
920 4204 1056 4256 doctomm
1081 4207 1195 4257 virorum
1222 4203 1339 4272 populun
1395 4200 1401 4313 i

341 4303 520 4355 Diviteueium
539 4301 722 4356 wilthemiuni
747 4301 838 4372 popuii
864 4301 1089 4369 Lectueterorum,
1112 4302 1146 4355 de
1166 4316 1220 4371 qno
1239 4300 1339 4355 dictum
