2918 4914
137 257 1361 376 paz&

214 400 1317 474 tabamsonoccsxxrnaanrncmannunciantium.

213 620 261 683 ris
281 621 392 684 dicitur
412 619 525 702 oppido
554 621 750 685 morabatur.
765 667 772 683 .
786 619 880 683 ‚inde
903 617 1110 696 [occidentem
1131 629 1255 697 versus]
1278 618 1318 682 ad

213 730 386 813 proximum
406 730 489 812 quod
513 729 720 813 Commcpam
743 729 798 808 [cf.
811 729 849 793 ad
862 729 1052 811 superiorem
1063 729 1167 810 ibt]
1180 727 1318 811 appella-

213 838 304 904 batur
328 840 491 923 oppidum,
514 840 691 905 declinavit.
725 840 786 904 boc
806 840 1007 904 barbarorum
1029 839 1217 903 intrinsecus
1239 855 1317 902 con-

213 947 396 1030 sistentium,
420 949 471 1032 qui
496 968 564 1013 cum
578 949 723 1015 Romanis
747 948 858 1014 foedus
879 949 1021 1030 inierant,
1045 949 1186 1013 custodia
1207 966 1316 1013 serra-

212 1056 304 1122 batur
327 1060 517 1141 arctissima,
540 1060 676 1143 nullique
700 1059 899 1143 ingrediendi
921 1065 973 1125 aut
1000 1059 1185 1144 egrediendi
1216 1057 1315 1123 facilis

212 1166 338 1233 licentia
360 1171 601 1251 praestabatur“.
627 1177 657 1235 ct
675 1170 778 1252 paullo
799 1170 999 1252 post'itemm
1021 1169 1072 1250 „in
1091 1167 1237 1231 Asturae
1258 1184 1315 1231 oc·

214 1279 320 1343 currit.
353 1280 409 1344 sed
431 1281 462 1343 in
485 1280 554 1345 aliis
576 1281 737 1345 codicibus
758 1280 872 1364 legitur
891 1280 1027 1360 Asturis,
1047 1278 1200 1360 curturis,
1224 1277 1314 1360 quod,

213 1387 282 1452 sive
300 1387 443 1469 Cottone,
466 1383 576 1455 Lanius
598 1408 655 1472 prc
669 1390 790 1453 Castris
805 1389 951 1473 Aupuatis
975 1389 1054 1453 sumi
1075 1395 1194 1452 temere
1209 1387 1316 1452 uolua·

213 1503 281 1576 rat;
309 1496 427 1561 Astura
453 1506 523 1581 post
546 1499 694 1585 Ortelium
719 1500 804 1564 multi
827 1500 980 1581 scribunt,
1003 1499 1151 1562 Artenam
1176 1496 1316 1579 oppium

136 1604 138 1609 ’
213 1604 386 1673 Aventinus
409 1609 622 1675 Annalib.iib.
640 1609 688 1689 ib,
713 1628 791 1691 quac
819 1611 989 1692 scriptura,
1012 1610 1051 1673 ab
1074 1608 1241 1675 Astrrribus
1262 1606 1315 1672 Hi-

213 1718 342 1798 spaniae
362 1719 557 1800 deducenda,
579 1721 607 1784 si
629 1720 825 1802 comprobari
846 1726 952 1801 posset
976 1737 1031 1783 eos
1053 1720 1085 1782 in
1107 1720 1156 1783 his
1178 1716 1317 1802 regioni-

213 1824 272 1892 bus
294 1828 368 1892 olim
389 1830 524 1910 stetisse,
546 1828 620 1892 mibi
641 1829 772 1894 maxime
792 1828 941 1911 placeret.
986 1830 1078 1893 Certe
1099 1828 1247 1893 falluntur
1267 1826 1315 1909 qui

213 1943 284 2019 post
306 1937 541 2020 Cuspiniauum,
562 1944 595 2001 ut
616 1939 799 2002 Lambecius
819 1939 855 2000 u.
873 1957 902 2019 p.
917 1939 967 2002 24.
984 1937 1227 2020 ctiiormapr.1.
1243 1938 1273 2001 2.
1288 1953 1315 2018 p.

217 2045 287 2110 134.
304 2048 374 2130 (qui
403 2047 465 2112 aiio
489 2047 561 2111 loco
584 2047 709 2129 apponit
731 2045 938 2128 „storiarum
961 2045 1182 2127 Greiscaatein‚
1202 2044 1318 2108 Zeisci·

212 2158 392 2240 muuer?“)‚
417 2157 575 2223 castelium
597 2158 629 2220 in
648 2156 721 2221 bod.
733 2157 803 2220 vico
815 2155 985 2220 Stocieruu
1002 2157 1034 2219 in
1051 2156 1175 2221 sinistra
1187 2153 1317 2218 Danubii

213 2267 281 2349 ripa
300 2268 357 2347 (ci.
367 2268 486 2332 Hasscl.
499 2287 529 2351 p.
544 2268 632 2348 191.)
643 2267 776 2349 reperiri
796 2273 902 2349 putant
909 2289 920 2345 ;
937 2268 1109 2331 refutantur
1131 2272 1162 2331 et
1182 2265 1318 2330 bociio-

213 2379 300 2443 titiae
320 2377 392 2442 loco
416 2379 535 2459 etipsa
557 2378 700 2462 Eugippii
723 2377 1024 2443 commemoratione.
1048 2376 1076 2440 is
1098 2377 1180 2439 enim
1195 2374 1317 2457 capii.

214 2505 246 2550 n.
266 2487 314 2551 19.
329 2487 447 2567 (Much.
467 2493 543 2551 sect.
559 2488 644 2569 xu.)
661 2506 749 2567 „cum
772 2487 890 2551 adbuc“
912 2487 1010 2570 inquit
1032 2485 1157 2567 „Norici
1178 2484 1318 2566 Ripensis

122 2661 127 2679 ι
217 2596 330 2679 oppida
357 2597 520 2678 superiora
545 2603 753 2678 constarent“‚
784 2605 816 2661 et
844 2598 925 2663 inter
949 2596 1057 2661 eadem
1085 2596 1176 2659 etiam
1197 2594 1319 2657 Asturis
1360 2668 1361 2673 ἵ

218 2705 333 2770 dictum
355 2692 616 2789 comprehendit(
647 2708 794 2772 Hansizio
817 2715 949 2772 castrum
973 2706 1142 2788 Osterburp
1164 2705 1205 2769 ad
1224 2722 1320 2769 voca-

213 2814 318 2880 bulum
341 2817 467 2880 Asturis
495 2817 633 2884 abludere
655 2818 756 2882 videri
777 2818 931 2883 Kollarius
955 2818 995 2882 ad
1017 2818 1160 2882 Lambec.
1176 2814 1215 2879 ll.
1230 2814 1318 2898 psa.

215 2928 384 2992 annotavit.
428 2929 494 2993 Nec
516 2931 675 2994 Mannerto
689 2930 739 2993 iii.
753 2929 863 3012 pota.
874 2930 1074 3009 accesserim,
1099 2927 1152 2990 ubi
1163 2925 1320 3010 „ducturo

122 3120 124 3125 Δ
216 3055 285 3102 cum
307 3039 378 3102 vico
402 3038 489 3103 Cetio
510 3040 644 3104 Tabulae
667 3041 926 3123 Pcutingeranae‚
950 3039 1176 3106 recentioribus
1200 3038 1319 3101 demum

213 3149 404 3231 temporibus
431 3150 578 3231 munito“,
603 3150 733 3216 eundern
755 3152 858 3216 locum
888 3152 986 3243 inisse
1012 3149 1209 3214 coniectouit.
1253 3148 1320 3212 biu-

215 3258 340 3324 eburius
351 3260 389 3325 11.
404 3278 434 3343 p.
452 3260 523 3326 163.
537 3262 669 3327 mamme
691 3270 837 3346 receptae
857 3280 965 3327 eorum
987 3261 1170 3339 sententiae,
1194 3258 1248 3341 qui
1271 3257 1320 3322 lo-

215 3387 284 3432 cum
306 3387 405 3454 prope
429 3370 503 3435 bod.
527 3369 684 3456 Obcrberp
707 3372 745 3436 ad
768 3372 896 3436 Bietucb
918 3374 1033 3452 rivum,
1055 3389 1119 3436 non
1148 3370 1190 3433 ita
1215 3366 1320 3450 procui

214 3479 254 3542 ab
279 3481 394 3563 oppido
416 3479 508 3561 ncta,
532 3482 656 3547 stetisse
676 3488 798 3564 putant,
829 3501 900 3546 sese
923 3481 1076 3546 accedere
1097 3477 1232 3561 scripsit.
1266 3475 1319 3543 sed

215 3595 322 3668 aperte
344 3590 435 3654 nimis
449 3598 587 3655 remotus
609 3597 656 3656 est
676 3591 704 3655 is
720 3592 818 3671 iocus,
836 3609 925 3672 quarn
940 3591 991 3672 qui
1001 3589 1237 3675 „Commagenis
1248 3603 1319 3670 pro·

213 3697 334 3763 ximus“
361 3700 400 3763 ab
422 3701 574 3784 Eugippio
606 3700 669 3765 dici
699 3702 858 3784 potuisset.
895 3701 1027 3781 rectius,
1048 3705 1139 3782 puto,
1160 3699 1318 3764 uenustas

214 3808 370 3873 uocabulo
389 3809 516 3874 Asturis
538 3811 641 3876 locum
663 3813 743 3875 inter
764 3810 853 3874 vicos
878 3808 1106 3892 Lunpentcbem
1129 3815 1166 3873 et
1181 3805 1320 3890 Graip'cn-

214 3919 304 3996 sicin,
329 3920 504 4001 Spmnems
524 3922 626 4004 paullo
650 3922 832 3985 interiorem
855 3921 935 3986 inter
957 3919 1066 3984 Citium
1079 3927 1109 3985 et
1123 3920 1319 4001 Comupenan

217 4029 467 4112 assignaverunt.
506 4033 575 4097 Non
600 4033 661 4097 nisi
675 4032 739 4096 ioci
763 4050 873 4097 caussa
889 4032 979 4097 etiarn
995 4031 1149 4097 Panciroli
1165 4029 1320 4095 annotatio

213 4140 385 4221 repetenda
410 4161 482 4207 esse
503 4145 624 4207 videtur
646 4144 740 4209 baec:
764 4143 925 4224 „Tribunis
949 4144 1085 4207 cohortis
1106 4142 1252 4206 Austuris
1269 4157 1321 4205 rc-

213 4249 346 4315 sidebat.
391 4252 510 4335 Mysiae
528 4260 575 4318 cst
589 4254 750 4336 oppidum.
763 4255 882 4318 Asuras
902 4247 1179 4336 [voluit”Acrcpo]
1191 4250 1321 4333 Stepha-

212 4377 272 4426 nus
292 4368 394 4428 vocat.
419 4370 451 4427 et
474 4363 527 4427 bio
551 4364 825 4431 cohortisuomen
844 4365 1021 4430 reticetur“.
1091 4373 1094 4388 ·
