2918 4914
230 351 239 358 ι
292 452 295 457 .
356 417 491 465 durna.
517 416 559 464 aa
586 393 1058 489 rue-118*.t‚t.10...13.sq.
1155 391 1268 468 1009*

155 633 227 704 qaod
247 634 432 686 detrimentum
459 648 502 686 res
523 649 549 701 p.
562 639 683 700 caperet,
708 630 854 685 attendisse
874 630 914 701 (L.
925 631 951 684 4.
963 632 996 683 D.
1008 630 1043 682 de
1057 633 1157 683 decret.
1165 631 1198 682 ab
1210 632 1268 687 ord.

155 731 208 785 far.
219 731 248 783 L.
258 732 316 798 9.);
336 746 404 800 qnae
423 730 499 801 leges
520 734 592 801 [curn
612 730 640 782 L.
652 729 778 783 aalide
791 729 996 800 pollicitation]
1011 742 1104 780 omnes
1124 744 1211 781 exeo
1231 729 1268 782 ti.

155 828 204 880 bro
227 828 382 896 desumptae
400 835 472 879 sunt.
510 827 542 879 tti
563 832 623 877 aunt
642 828 687 895 qui
708 833 735 877 et
754 825 845 878 Patres
870 827 1004 879 er'or'tntunr
1031 832 1176 877 uocantur:
1205 827 1269 881 hine

154 926 222 978 adeo
243 926 338 978 Graeci
357 925 391 977 ad
409 924 488 978 hed.
497 924 528 976 Ι).
539 923 572 977 de
584 924 679 975 damno
691 924 738 974 ini.
746 923 863 976 xxxix.
872 925 897 976 2.
909 930 936 976 et
954 923 982 976 L.
993 927 1018 976 t.
1028 922 1131 975 lustc.
1141 923 1175 977 de
1186 924 1267 978 solut.

156 1030 182 1075 et
200 1023 305 1075 liberat.
317 1022 429 1075 debitor,
444 1024 517 1074 civit.
530 1021 573 1074 xi.
586 1021 629 1073 39.
643 1021 799 1073 curatorem
817 1021 856 1073 rei
873 1038 899 1089 p⁴
915 1029 1021 1091 patrem
1043 1022 1157 1074 deitatis
1180 1024 1267 1075 inter.

154 1126 309 1188 protentus:
330 1118 345 1174 ὁ
365 1116 460 1190 παιὴρ
485 1120 533 1186 τῆς
551 1122 659 1181 πόλεως
679 1118 834 1191 ἀναγκάζει
853 1115 917 1181 τοὺς
936 1119 1082 1178 δεσπότας
1102 1119 1159 1174 τῶν
1177 1140 1266 1175 κατα.
1319 1165 1321 1167 .

153 1218 303 1273 πεσόντων
324 1221 411 1272 οἴνων
429 1218 572 1273 ὀνανεοϋν
592 1214 703 1274 αὐτούς.
743 1218 802 1269 Hoc
820 1218 902 1287 igitur
921 1219 990 1268 inter
1008 1214 1064 1268 alia
1077 1215 1219 1271 Curatores
1239 1225 1267 1272 et

152 1312 243 1367 Patres
269 1313 361 1380 tuere,
385 1313 456 1383 quod
478 1314 578 1366 Romae
596 1313 722 1379 Aediles,
747 1321 775 1365 et
800 1312 870 1381 apud
890 1313 1005 1366 Graecos
1027 1311 1207 1388 ἀστυνόμοι.
1220 1302 1264 1371 ..ζ

95 1410 96 1417 ’
152 1411 271 1464 nemine
291 1419 317 1462 et
338 1410 421 1462 Patris
440 1411 567 1463 Arrianus
584 1411 612 1462 in
632 1408 746 1478 Epictet.
756 1409 789 1462 11.
803 1410 845 1463 10.
860 1417 887 1462 et
905 1410 959 1462 Leo
978 1409 1265 1466 salunensis

151 1510 198 1578 qai
215 1515 311 1576 sponte
331 1522 403 1560 mun.
414 1508 445 1560 X.
457 1508 502 1561 43.
539 1507 579 1560 Ex
597 1508 622 1561 d.
638 1508 787 1561 Marcellini
802 1514 830 1559 et
848 1507 953 1559 Arriani
974 1507 1035 1559 loeo
1055 1513 1083 1559 et
1103 1510 1131 1561 L.
1141 1511 1166 1562 3.
1176 1510 1222 1562 tu.
1233 1509 1263 1566 0.

151 1605 185 1657 de
201 1604 328 1658 denotet
347 1605 376 1656 L.
387 1604 435 1656 ult.
444 1604 491 1656 Th.
504 1604 533 1656 G.
545 1605 577 1657 de
596 1612 765 1672 superexact.
778 1605 872 1673 liquet,
891 1606 1067 1672 praeeipuam
1089 1605 1160 1659 hune
1174 1606 1263 1661 hone.

151 1699 323 1766 remisisse,
346 1709 408 1755 ete
431 1700 626 1753 Decurionibus
648 1708 774 1753 creatam.
815 1700 891 1765 Quod
912 1709 939 1753 et
958 1701 1046 1768 ipsum
1068 1701 1137 1755 haec
1155 1703 1200 1757 lex
1219 1712 1263 1757 ta.

151 1804 257 1853 aurare.
296 1798 336 1852 Gt.
348 1799 428 1852 etiam
446 1799 540 1852 Marini
559 1798 615 1851 Atti
634 1813 660 1867 p.
671 1798 732 1850 786.
744 1813 784 1866 sq.

233 1951 275 1963 -
286 1915 313 1990 Ι.
330 1915 394 1996 12]
416 1911 576 1992 provintia
592 1906 632 1974 lit.
650 1949 690 1960 —
703 1911 848 1991 [spumae
866 1913 904 1972 2..
930 1911 1021 1974 eiad
1036 1913 1063 1988 Ι.
1076 1915 1124 1976 15.
1141 1914 1188 2006 ΙΙθ
1202 1916 1262 1981 hae

149 2022 307 2088 consulari
328 2023 489 2105 provincia
512 2023 583 2086 vide
599 2022 727 2105 poppe,
739 2021 777 2085 ad
789 2039 818 2102 p.
829 2021 895 2084 65¹.
905 2021 933 2097 t.
942 2020 971 2083 9.
983 2021 1259 2105 itemquep.587*.

149 2171 191 2185 ·-
215 2134 395 2199 cassiodor.
406 2136 478 2197 Ver.
488 2133 540 2198 Xt.
555 2134 602 2196 14.
615 2132 743 2196 Cornum
761 2132 850 2213 quasi
872 2131 991 2195 ιιιιιιιιιιι
1019 2132 1171 2213 quendam
1192 2135 1261 2216 pia-

148 2262 208 2309 nae
228 2245 374 2328 Liguriae
397 2250 489 2308 voeat
509 2250 540 2307 et
559 2243 668 2307 Paulus
691 2260 813 2323 quoque
835 2242 993 2305 Diaconus
1005 2239 1261 2323 (p.445*.)hene

150 2353 343 2435 provinciam
368 2372 465 2435 usque
488 2353 527 2418 ad
549 2352 645 2434 Alpes
666 2352 819 2415 Penninas
842 2357 1001 2415 extensam
1027 2351 1186 2417 describit.

230 2498 273 2513 -
296 2465 342 2541 tt.
362 2463 409 2528 13.
423 2472 484 2544 sep]
502 2462 619 2527 classis
642 2461 814 2540 Comensis,
838 2461 925 2525 cuius
947 2478 1011 2525 non
1032 2462 1094 2526 nisi
1116 2463 1169 2526 hie
1189 2465 1256 2528 No-

145 2574 232 2639 titiae
255 2574 343 2637 loeus
366 2574 553 2637 mentionem
574 2572 691 2651 iniecit,
715 2570 849 2634 maxime
864 2572 1030 2653 speciebus
1051 2573 1259 2639 transvehen-

146 2684 195 2748 dis
219 2685 358 2767 eopiisve
388 2685 418 2747 in
445 2678 569 2748 Raetias
593 2681 787 2764 perferendis
813 2681 967 2745 destinata
997 2683 1095 2747 fuisse
1123 2684 1256 2751 videtur.

143 2772 193 2844 -¹
209 2814 277 2857 erem
300 2793 385 2857 euris
405 2793 539 2857 etuadem
558 2793 693 2857 ciuitatis
712 2795 741 2858 h.
755 2796 894 2858 lomnes.
926 2793 1124 2858 Paneirelus:
1137 2795 1258 2877 ,Curae

145 2905 281 2970 civitatis
303 2903 390 2969 Comi
411 2911 482 2968 sunt
504 2904 573 2986 equi
595 2909 625 2968 et
646 2903 765 2968 rhedae
789 2911 949 2968 currentes
973 2905 1005 2967 in
1029 2923 1066 2967 ea
1088 2904 1167 2968 urbe
1189 2905 1258 2969 dis-

142 3016 284 3099 positae,
307 3016 358 3078 vel
380 3015 440 3079 alia
472 3014 511 3078 ad
534 3014 668 3078 classem
700 3015 895 3093 necessaria,
917 3021 951 3077 ut
984 3031 1077 3096 supra
1101 3015 1141 3078 de
1172 3016 1257 3081 euris

143 3129 312 3192 Ravennae
334 3131 382 3190 est
406 3125 548 3188 dierunt.
572 3130 605 3188 et
625 3125 769 3207 equidem
791 3124 831 3187 ad
855 3143 954 3189 meam
971 3142 1094 3206 quoque
1107 3126 1257 3206 superio-

141 3255 209 3302 rem
242 3237 474 3301 annotationem
507 3234 629 3313 refero,
661 3235 793 3315 tepidenr
830 3242 930 3298 autem
961 3235 1141 3301 Brixianum
1172 3236 1256 3301 hune

141 3347 335 3411 museriboz
360 3371 387 3408 n.
402 3366 517 3407 euoure
540 3368 597 3407 mr
615 3344 622 3430 Ι
641 3368 706 3407 rna.
724 3366 819 3407 avane
838 3347 843 3427 Ι
861 3355 891 3420 ὁ.
905 3367 1047 3408 runnrnr.
1060 3367 1128 3408 nrvr
1148 3353 1154 3426 Ι
1174 3368 1254 3409 rua-

143 3481 221 3520 rsrrr.
244 3479 357 3520 rendra
377 3458 382 3541 Ι
400 3454 431 3522 ἷῖ
451 3478 517 3519 vra.
541 3477 649 3533 ovino.
673 3477 754 3517 rara.
773 3477 828 3517 nee
847 3462 854 3532 Ι
872 3459 904 3519 fr.
926 3477 1083 3517 servante.
1100 3455 1252 3531 nnumin!

142 3588 253 3629 cvnnn.
271 3590 350 3630 aare.
368 3589 490 3629 nsanos
510 3567 515 3632 1
534 3587 606 3631 usa.
629 3589 678 3629 sa.
703 3589 766 3627 rur.
789 3585 923 3628 rasiano
941 3565 947 3647 Ι
967 3586 1075 3626 cvnnr.
1093 3587 1172 3628 narr.
1194 3588 1254 3629 ce·

141 3700 233 3741 nens.
247 3700 308 3740 aar
327 3679 333 3760 Ι
354 3701 389 3740 aa
416 3700 479 3739 rur.
495 3699 653 3739 anuarino
672 3677 677 3759 Ι
699 3698 849 3738 conusens
870 3676 876 3759 Ι
895 3698 981 3738 rnna.
995 3698 1042 3736 ar.
1059 3698 1145 3737 cunr.
1170 3675 1253 3740 Pan-

141 3786 230 3851 eirol.
243 3793 274 3851 et
284 3786 424 3851 Gotlreir.
436 3786 467 3848 lt.
480 3787 556 3866 citt,
573 3786 656 3850 Grut.
667 3786 741 3865 392,
753 3787 796 3865 7.,
812 3786 906 3851 Orell.
915 3785 1009 3850 3898.
1021 3823 1060 3835 -
1074 3786 1161 3851 Comi
1175 3802 1251 3854 narr.

142 3896 271 3960 Comum
292 3896 436 3977 oppidum
459 3896 525 3960 Lir.
541 3896 679 3960 xxxin.
693 3895 745 3960 36.
757 3896 796 3958 ad
820 3916 847 3959 a.
861 3914 890 3959 ιι.
903 3896 976 3960 556.
1009 3896 1089 3961 Galli
1112 3917 1177 3963 sec.
1199 3903 1252 3964 lu-

138 4007 211 4070 stin.
225 4005 294 4068 XX.
306 4009 336 4085 5,
347 4007 378 4069 8.
392 4005 539 4086 ,sedibus
562 4006 680 4070 'tuscos
703 4005 884 4088 expulerunt
898 4012 930 4070 et
944 4006 1161 4090 Mediolanum,
1187 4010 1252 4073 Co-

140 4133 234 4194 mum,
258 4115 410 4194 Brixiam,
435 4114 601 4194 Veronam,
626 4115 830 4199 Bergomum,
855 4115 1050 4197 Tridentum,
1077 4119 1250 4185 vicentiam

143 4225 379 4289 condiderant“.
411 4224 846 4307 strab.p.192.(ed.atmel.
863 4225 992 4307 peta.)
1015 4274 1042 4310 ,.
1056 4222 1090 4290 ,ὁ
1113 4225 1250 4306 Ἀδοὺας

138 4337 187 4409 εἰς
210 4333 383 4398 retransit»
412 4335 495 4420 μέρη
525 4332 595 4420 ῥεῖ,
622 4331 660 4398 τὰ
683 4330 764 4420 πρὸς
794 4333 853 4418 τὴν
877 4333 968 4412 ἐντὸς
992 4332 1170 4421 Κελτικήν,
1195 4335 1251 4402 καὶ
