2918 4914
179 231 1405 355 iga—*mi

212 366 215 376 ’
253 373 1348 451 986*annor.aonor.occ.car.xn.rmerosrrruruecmmamrs.

252 618 385 702 inerunt,
410 620 519 702 quibus
544 621 641 684 ceteri
669 620 758 684 huius
785 621 950 685 deterioris
973 622 1092 685 ordinis
1121 622 1234 686 milites
1264 640 1347 686 com-

249 732 380 813 parandi
403 739 489 811 sunt,
515 738 548 797 ut
568 732 636 795 aliis
660 732 757 794 iustae
778 732 905 795 militiae
929 732 1100 815 privilegiis
1123 733 1287 811 carebant,
1313 735 1351 798 ita

249 840 359 905 Paulus
374 842 404 907 S.
417 843 452 906 ll.
465 841 554 905 veo.
568 850 597 919 5.
608 843 638 905 2.
650 840 756 919 (Adb.
769 841 826 905 ful.
839 843 876 904 dc
888 843 921 904 oi
931 842 1053 921 publet
1063 842 1164 922 prio.)
1178 844 1265 925 „lluc
1281 842 1347 924 lege

250 953 460 1034 excipiuntur<
483 953 582 1034 inquit
604 953 735 1031 ,tribuni
766 954 857 1017 etiam
885 953 1012 1015 militum
1036 958 1066 1015 et
1094 953 1246 1033 praelecti
1269 953 1349 1016 elas-

248 1064 326 1127 sium
354 1063 529 1142 alarumre,
552 1069 586 1123 ut
606 1063 675 1126 sine
698 1062 800 1142 aliquo
822 1063 1041 1143 impedimento
1073 1064 1152 1146 legis
1183 1063 1278 1127 lnliae
1298 1081 1349 1145 per

248 1191 304 1238 eos
326 1173 456 1237 militare
477 1173 622 1236 delictum
650 1174 792 1235 coerceri
816 1174 945 1254 possitss.
963 1213 1004 1227 -
1027 1173 1281 1253 praesentialiter»
1305 1190 1348 1236 co.
1397 1224 1398 1255 ,

246 1284 292 1348 Dc
311 1301 372 1365 quo
394 1284 541 1366 blagistro
565 1283 699 1364 peditum
720 1284 907 1364 praesentali
931 1302 1018 1365 capp.
1028 1284 1063 1346 V.
1078 1285 1118 1347 cf.
1130 1283 1194 1347 vti.
1251 1302 1257 1313 ·
1396 1359 1398 1369 Ι

330 1433 370 1448 -
383 1395 411 1471 l.
427 1390 471 1473 4.]
492 1392 527 1455 la
543 1392 635 1456 ltalia
659 1392 697 1457 ad
714 1394 952 1474 praecedentem
969 1393 1124 1457 rubricam
1146 1393 1269 1457 trabunt
1285 1401 1349 1455 aar.

246 1540 287 1555 -
308 1503 355 1567 ot.
371 1521 449 1585 quae
460 1520 489 1584 p.
504 1504 591 1567 2752
601 1521 647 1584 sq.
662 1504 701 1566 ad
714 1522 742 1584 p.
752 1503 819 1567 33*.
832 1504 860 1580 l.
871 1505 914 1581 4.,
937 1522 965 1584 p.
975 1505 1063 1567 587‘.
1076 1521 1122 1584 sq.
1135 1504 1174 1567 ad
1184 1503 1289 1585 p.84*.
1303 1503 1350 1565 di·
1397 1501 1399 1567 3

245 1613 354 1676 ximus.
367 1650 405 1661 —
427 1613 473 1676 De
496 1613 624 1694 partium
645 1613 735 1675 huius
752 1614 859 1694 capitis
872 1615 955 1677 seric
967 1613 1160 1676 Pancirolum
1173 1614 1350 1696 negaverim
1398 1607 1401 1740 1

245 1730 332 1788 recte
352 1723 486 1802 vidisse,
517 1740 587 1785 cum
608 1723 775 1787 scriberet:
792 1724 961 1802 ,Violantur
986 1729 1087 1787 autern
1118 1725 1217 1803 prima
1250 1704 1350 1786 fronte
1398 1743 1401 1806 p

247 1833 377 1897 confuse
406 1838 437 1894 et
460 1833 528 1896 sinc
550 1830 659 1894 ordine
690 1832 835 1912 disponi,
862 1852 929 1895 cnm
960 1834 1059 1914 primo
1081 1833 1207 1910 ltaliae,
1238 1832 1350 1895 deinde

245 1943 427 2023 Galliarum,
460 1960 533 2006 mox
561 1942 795 2023 Hispaniarum,
823 1962 931 2007 rursus
954 1943 1119 2007 Galliarum
1143 1943 1349 2025 belgicaeque

243 2059 335 2136 atque
363 2052 490 2133 ltaliae,
524 2071 561 2116 ac
593 2052 694 2115 denuo
722 2052 888 2115 Galliarum
921 2054 1136 2133 praefecturae
1167 2054 1345 2116 recitentur.

241 2162 355 2227 Verum
378 2162 452 2226 nihil
474 2169 608 2244 temere,
632 2162 687 2226 sed
714 2170 822 2226 cuneta
847 2180 904 2227 suo
928 2163 1040 2227 ordine
1061 2169 1234 2228 narrantur.
1289 2164 1350 2226 lta-
1401 2143 1403 2159 ¹

244 2272 306 2336 liae
328 2273 409 2335 eninr
432 2280 464 2336 ut
487 2272 639 2355 dignioris
663 2278 793 2354 quatuor
812 2272 956 2335 classium
977 2274 1193 2354 praefecturae
1216 2291 1350 2354 praece-

243 2385 328 2466 dunt,
352 2391 383 2449 et
404 2402 465 2449 nna
487 2384 614 2448 militum
639 2385 814 2449 italicorum
830 2385 1008 2463 Ravennae,
1032 2384 1085 2446 ubi
1108 2383 1277 2465 imperator
1296 2400 1351 2445 rc-
1403 2406 1404 2414 ¹

242 2495 380 2575 sidebat,
405 2495 593 2578 degentium.
624 2496 679 2558 llis
703 2497 924 2560 subnectuntur
946 2512 1024 2574 quae
1046 2494 1079 2556 in
1103 2492 1209 2556 Galliis
1234 2498 1265 2556 ct
1292 2492 1350 2555 lli-

241 2606 358 2687 spuniis
371 2605 542 2684 merebant,
557 2606 679 2668 demum
692 2608 854 2669 Lactorum
863 2612 894 2669 ct
906 2605 977 2669 xxi
986 2606 1192 2673 Sarmatarum
1206 2604 1349 2685 legiones
1401 2624 1403 2638 ·

244 2717 287 2801 [l]
307 2716 368 2779 late
396 2734 451 2796 per
470 2717 625 2796 praelatas
655 2717 833 2796 provincias
865 2716 1053 2796 dispositae,
1083 2733 1123 2778 nc
1152 2720 1346 2795 separentur,

236 2824 330 2888 unico
352 2831 556 2888 recensentur
579 2830 735 2887 contextu.
779 2825 864 2886 Prius
886 2825 981 2907 igit-nr
1002 2826 1177 2901 Lautorum,
1199 2829 1289 2903 prout
1314 2824 1345 2884 in
1399 2896 1400 2910 χ

239 2934 344 3000 Galliis
357 2935 546 3020 Belgicaquc
557 2936 578 2998 l.
593 2939 623 2998 et
633 2935 669 2996 ll.
681 2942 712 2996 ot
724 2934 887 2998 Germania
900 2936 921 2997 l.
934 2936 1103 3016 dispositae
1116 2940 1220 3010 erant,
1234 2932 1347 2997 deinde
1398 2926 1400 2943 ²

236 3048 443 3113 Sarmatarum
466 3053 557 3128 prout
586 3064 641 3127 per
665 3045 782 3107 ltaliam
814 3052 844 3108 et
873 3046 987 3109 Gallias
1009 3045 1182 3127 Belgasque
1205 3051 1236 3106 et
1258 3046 1343 3126 ipsae
1397 3060 1398 3080 .

239 3158 358 3223 divisae
382 3156 635 3238 reperiebantur,
669 3155 884 3235 praefecturae
913 3155 1114 3234 explicantur.
1166 3155 1235 3217 Non
1268 3171 1344 3236 ergo
1397 3131 1398 3180 ³

237 3268 421 3350 perscitus,
443 3268 499 3331 sed
521 3267 581 3330 hoc
603 3264 714 3328 ordine
730 3270 840 3327 eurrcta
864 3265 1051 3356 tradurrtur“.
1096 3264 1183 3327 llunc
1200 3264 1344 3343 equidem

237 3379 378 3443 ordinem
409 3378 522 3441 rideo:
556 3378 687 3457 primum
720 3376 937 3438 Praefecturae
973 3375 1123 3439 classium
1155 3374 1345 3453 militumque
1402 3352 1407 3421 ἶ

237 3487 477 3565 classiariorum,
499 3486 696 3550 Praefectura
712 3485 776 3565 leg.
789 3469 900 3548 tilio
914 3490 945 3546 et
966 3484 1147 3547 Tribunatus
1171 3484 1348 3547 cohortium
1412 3498 1419 3566 *g

235 3614 291 3677 pcr
311 3603 375 3659 tres
399 3597 574 3675 dioeceses,
597 3595 713 3673 ltaliae,
736 3595 903 3656 Galliarum
919 3595 1205 3674 llispaniarnnrque,
1231 3593 1350 3657 deinde
1424 3624 1426 3629 >

235 3706 452 3771 Praefecturae
475 3708 638 3770 Laetorurn
661 3705 910 3786 Gentiliumque,
941 3722 1068 3784 quamm
1100 3704 1171 3766 illac
1193 3704 1352 3785 dignitate
1438 3789 1440 3792 Α

235 3816 417 3898 praeibunt,
446 3821 664 3894 recensentur,
694 3814 776 3878 unde
803 3816 907 3896 priore
928 3813 998 3877 loco
1022 3815 1106 3877 Laeti
1136 3832 1193 3895 per
1219 3814 1352 3893 Gallias,
1442 3829 1446 3879 't

234 3928 409 4009 posteriorc
424 3926 559 3990 Gentiles
581 3945 638 4008 per
660 3924 777 3988 ltaliam
799 3932 829 3987 et
852 3925 965 3989 Gallias
989 3926 1146 3987 constituti
1169 3943 1356 3988 memoran-

235 4043 301 4117 tur,
325 4042 358 4101 ut
380 4037 412 4099 in
434 4038 610 4101 universum
633 4037 792 4119 dignitatis
813 4036 902 4101 unius
926 4036 1073 4118 cuiusque
1097 4036 1223 4099 militurn
1244 4053 1358 4120 gena-
1447 4050 1449 4119 p

234 4148 279 4211 ris
301 4148 381 4211 ratio
403 4146 507 4210 habita
530 4149 579 4212 sit.
1448 4158 1449 4165 ¹

319 4295 361 4307 -
379 4259 408 4334 l.
428 4257 473 4337 5.]
495 4255 533 4318 fa
556 4256 683 4320 onriscr.
697 4251 795 4321 W.
821 4295 860 4310 -
880 4256 1041 4338 proaiatiu
1059 4250 1129 4319 ult.
1173 4257 1242 4320 Non
1266 4272 1349 4337 pro·

235 4368 303 4479 prio
324 4384 420 4434 sensu
438 4365 502 4431 bl.
512 4366 697 4447 procinctae
716 4370 901 4436 vocabulum
925 4370 1057 4451 positum
1080 4386 1151 4431 esse
1173 4372 1287 4449 putem,
1310 4370 1348 4428 ut

1419 4484 1443 4559 1

374 4589 515 4599 ....—..-.—.
552 4591 640 4598 ——2
