2918 4914
176 379 182 465 ,ἶ
244 387 1349 468 1104*maor.mannonacmmamaeosnvmnamnam.

239 630 353 678 nomen
378 613 555 674 inusitatum
579 614 628 692 sit,
652 614 735 694 quod
758 614 797 676 de
821 614 966 677 iratribus
990 615 1208 693 Romanorum,
1231 615 1353 679 Aeduis
1407 610 1419 741 ‚l

239 725 323 803 dieo,
348 725 430 786 inter
452 724 576 787 Ararim
599 723 806 806 Ligerimque,
831 725 898 788 sive
919 720 1036 801 μεταξύ
1060 726 1117 786 aod
1137 723 1279 804 Δοὺβιος
1293 725 1354 788 καὶ
1408 738 1419 813 p

126 838 134 851 ’
239 836 300 897 τοῦ
313 826 458 915 ’Ἄραρος
481 834 649 897 secundum
671 833 1354 915 strab.tv.192.,ed.ntm.p.293.)seden-
1416 878 1419 899 1

237 944 335 1023 tibus,
369 962 433 1006 non
465 945 505 1006 ita
535 944 699 1006 dicendum
720 950 777 1007 est.
812 946 916 1007 lavent
938 945 1028 1007 etiam
1053 945 1192 1025 opinioni
1222 952 1351 1010 nostrae
1416 962 1420 1015 t

237 1056 382 1120 Eumenii
408 1055 495 1117 loeus
518 1073 610 1135 supra
632 1073 661 1135 p.
681 1054 958 1118 mesammones
981 1061 1012 1118 et
1035 1060 1117 1118 totus
1140 1056 1206 1119 lere
1229 1056 1261 1118 in
1283 1057 1353 1138 ipsa
1416 1042 1420 1199 ἰ

237 1167 471 1250 Augustoduno
495 1165 697 1227 Constantino
724 1165 824 1227 dietus
848 1167 1072 1248 panegyricus,
1093 1185 1111 1228 e
1134 1183 1194 1246 quo
1216 1167 1352 1231 nonnisi
1417 1212 1421 1255 Ι

238 1279 317 1341 ltaee
343 1275 441 1338 verba
462 1280 586 1355 repeto:
609 1321 634 1354 ,.
650 1322 656 1335 .
670 1279 757 1355 pater
781 1281 848 1337 tuus
874 1274 1028 1339 civitatem
1051 1275 1229 1338 Aeduorum
1253 1276 1354 1339 voluit
1416 1262 1420 1359 i

169 1376 171 1386 ’
235 1387 391 1450 iacentem
417 1384 541 1465 erigere
565 1384 778 1465 perditamque
800 1401 966 1461 recreare,
995 1402 1056 1446 non
1079 1384 1178 1447 solum
1207 1385 1352 1465 pecuniis
1416 1390 1420 1487 Ι

168 1514 170 1533 ³
235 1496 276 1560 ad
299 1494 482 1559 calendaria
503 1493 675 1576 largiendis
696 1499 727 1556 et
744 1494 879 1558 lavacris
902 1512 981 1575 quae
1004 1501 1196 1575 corruerant,
1220 1502 1352 1559 exstru-
1417 1492 1420 1509 '

236 1606 343 1684 endis,
370 1605 428 1668 sed
452 1622 491 1666 ex
513 1607 662 1667 metoecis
685 1603 820 1685 undique
847 1604 1090 1682 transferendis,
1120 1611 1153 1666 ut
1181 1611 1266 1669 esset
1293 1605 1350 1670 illa
1414 1536 1420 1697 i

236 1716 347 1780 civitas
371 1714 603 1794 provinciarum
622 1713 709 1805 ¹velut
730 1731 790 1776 uua
813 1719 940 1778 laetere.
954 1762 982 1776 ..
999 1714 1229 1793 .„llahemuo...
1241 1721 1273 1780 et
1286 1716 1352 1779 lto-
1414 1712 1426 1801 ξ

234 1827 347 1891 minum
373 1840 535 1886 nurnerum
568 1824 618 1903 qui
649 1821 740 1886 delati
770 1829 858 1901 sunt,
887 1831 918 1887 et
942 1842 1089 1908 agrorum
1118 1825 1261 1904 modum,
1289 1825 1351 1889 sed
1407 1824 1418 1935 fl

234 1943 402 2015 utrumque
423 1951 567 2014 nequam,
591 1933 748 1995 hominum
763 1935 895 2016 segnitia
919 1940 1082 2015 terraeque
1105 1933 1242 2015 pertidia.
1264 1935 1351 2000 unde
1407 1946 1418 2055 μ

1408 1596 1411 1603 ι

1409 1614 1412 1621 s

236 2047 318 2109 enim
340 2043 437 2108 uirbis
460 2045 572 2107 tlemus
596 2049 647 2105 aut
669 2043 801 2106 Nervius
824 2050 875 2106 aut
896 2044 962 2124 ipso
982 2045 1034 2108 ille
1053 2045 1092 2108 de
1113 2045 1254 2125 proximo
1277 2046 1351 2110 Tri·
1406 2060 1417 2165 j!

236 2157 379 2221 cussinos
408 2173 485 2237 ager
512 2160 563 2216 aut
597 2159 718 2231 arator,
742 2171 871 2233 quorum
896 2153 1013 2217 reditus
1038 2173 1108 2217 oum
1131 2154 1239 2217 labore
1267 2172 1350 2219 cou-
1407 2176 1417 2253 ᾖ

234 2265 388 2331 tendunt?
421 2281 593 2346 quanquam
623 2264 732 2326 merito
763 2265 863 2344 quiuis
891 2265 1033 2346 ignoscat
1059 2265 1134 2346 ipsis
1163 2263 1349 2345 cultoribus,
1405 2258 1415 2373 j

237 2394 315 2459 quos
337 2377 425 2459 pigot
449 2373 593 2436 laborare
615 2374 684 2436 sine
707 2374 822 2437 lructu:
848 2374 875 2435 si
888 2373 1011 2455 quidem
1034 2374 1176 2457 agerqui
1190 2392 1348 2457 nunquam
1411 2436 1413 2459 ,

236 2486 405 2569 respondet
421 2485 597 2566 impendiis,
614 2502 654 2546 ex
674 2484 859 2548 necessitate
881 2484 1034 2548 deseritur
1054 2486 1145 2549 etiam
1165 2485 1271 2566 inopia
1288 2504 1349 2551 ru-
1403 2454 1413 2557 i

235 2598 445 2672 atioanorum,
480 2594 589 2674 quibus
619 2595 649 2655 in
674 2612 747 2657 aere
779 2593 881 2656 alieno
911 2593 1125 2658 vacillantibus
1155 2612 1213 2658 nee
1247 2613 1347 2677 aquas
1402 2564 1413 2729 i}

236 2706 403 2782 deducere,
429 2722 489 2766 nec
515 2703 609 2766 silvas
633 2703 719 2765 licuit
739 2703 896 2767 excidere.
924 2704 964 2767 ita
988 2704 1133 2785 quioquid
1150 2704 1222 2769 olim
1243 2704 1349 2770 luerat
1402 2728 1412 2799 p

238 2813 409 2878 tolerabilis
433 2812 504 2891 soli,
526 2818 578 2874 aut
599 2816 774 2893 corruptum
799 2818 846 2875 est
864 2811 1026 2893 paludibus
1047 2820 1100 2878 aut
1120 2815 1259 2879 sentibus
1282 2816 1348 2879 im·
1402 2794 1412 2897 ’ᾗ

235 2924 454 3008 peditum...“.
485 2922 611 2985 Tantum
634 2921 700 2985 lere
723 2912 786 2983 no'n
801 2922 954 3002 expressit
967 2922 1074 2986 rhetor
1092 2924 1231 2988 Laetosa
1258 2925 1349 2989 Con-
1402 2862 1412 3025 il

237 3035 372 3100 stantino
400 3034 431 3095 in
454 3033 583 3096 Aeduos
607 3037 750 3113 receptos
777 3049 865 3109 esse,
896 3032 952 3096 sed
977 3033 1138 3119 regionem
1167 3032 1347 3116 descripsit,
1403 3006 1413 3065 '¹

235 3152 354 3209 utnon
378 3144 475 3209 laetas
500 3143 645 3224 quidem,
669 3141 726 3206 sed
748 3141 866 3205 letioas
897 3149 996 3207 terras
1017 3144 1105 3226 quast
1129 3143 1347 3225 perambulare

236 3256 291 3319 tioi
313 3253 460 3318 videaris.
506 3251 600 3315 Simul
623 3257 736 3329 autem,
758 3251 786 3314 si
808 3251 886 3348 ltalee
908 3260 1013 3317 nostra
1034 3254 1246 3335 interpretatio
1262 3254 1346 3320 iust-

167 3409 168 3418 η
235 3365 369 3442 videtur,
380 3364 489 3427 eadem
502 3362 582 3444 quod
598 3380 689 3443 supra
702 3360 845 3441 diximus,
855 3364 1046 3444 comprobat,
1058 3364 1115 3427 lros
1129 3365 1227 3428 Laetos
1237 3364 1345 3446 Epuso

236 3474 413 3539 in'lreviris
428 3474 578 3558 degentes
591 3489 653 3535 non
663 3472 791 3535 Aeduos
802 3473 887 3553 ipsos
899 3472 1034 3554 natione,
1047 3473 1102 3537 sed
1113 3492 1131 3537 u
1142 3472 1269 3539 sedibus
1277 3475 1346 3539 suis

236 3603 312 3666 quas
323 3584 479 3647 ierduis
489 3583 563 3647 olim
573 3580 995 3664 agroqueAugustodunensi
1009 3581 1188 3660 habuerant,
1198 3582 1346 3648 donomi-
1409 3596 1413 3717 j

235 3699 325 3757 natos
348 3693 451 3756 luisse.
477 3730 516 3740 —
545 3692 653 3771 liparo
676 3706 783 3751 onnes.
816 3691 1159 3773 lt.Ant.p.3tii.sq.,a
1180 3692 1345 3757 Durocor-
1402 3602 1413 3821 ἐι

236 3808 307 3864 toro
333 3799 457 3880 (lleim)
483 3803 636 3865 'lreveros
659 3820 755 3883 usque
776 3802 883 3884 leugas
898 3801 1020 3865 xcvttt
1040 3801 1104 3864 sic:
1127 3803 1344 3883 Vungovicus
1402 3824 1413 3893 q

237 3916 314 3988 [seo.
327 3910 476 3973 D’Anrill.
490 3911 519 3973 h.
531 3931 559 3972 v.
584 3909 662 3975 Vone
681 3914 756 3991 pres
780 3910 912 3992 Attipnp,
934 3909 1093 3999 Ardotnes
1103 3930 1114 3984 ,·
1131 3912 1183 3974 alii
1197 3928 1265 3974 cum
1279 3913 1346 3977 Va·
1403 3931 1413 3981 t

133 4018 137 4027 '
236 4018 315 4081 lesio
330 4021 436 4083 uolunt
453 4019 608 4100 l'ouzt'ers,
628 4023 700 4086 item
716 4022 754 4085 od
768 4023 909 4084 Monam
930 4022 1028 4105 tnagis
1050 4021 1158 4085 merid.
1173 4038 1284 4086 versus
1296 4023 1345 4086 sl·
1402 3992 1414 4175 a

238 4135 299 4191 tum
323 4131 438 4214 oppid}
455 4130 583 4194 txlttt.
608 4132 740 4214 Epoisso
759 4130 881 4196 l.XXll.
915 4130 1073 4196 Orolauno
1101 4133 1188 4195 ricus
1215 4128 1344 4218 [daton]
1401 4154 1414 4253 'q

169 4270 171 4335 ξ
239 4239 259 4303 l.
271 4240 337 4305 XX.
368 4242 604 4307 Andethannale
632 4245 719 4306 uleus
744 4239 1035 4323 [dieder-Anteae]
1058 4241 1155 4309 LXX.
1186 4243 1343 4309 Treueros
1402 4256 1412 4323 tg

170 4353 171 4363 ¹
240 4349 349 4415 civitas
371 4350 486 4414 [ΧΨ
534 4351 677 4433 Eposium
699 4360 832 4417 castrum
855 4353 990 4417 nominat
1013 4352 1342 4435 Gregorllunlllir.
1400 4312 1412 4477 ΙΙ
