2918 4914
341 417 564 468 enr.xunn.
578 419 619 466 so
643 420 712 466 rue.
731 398 831 469 102&
851 406 897 482 lt.
916 400 1064 472 10...13.
1151 397 1253 472 775*
1313 414 1315 495 i

149 548 342 565 *-

151 637 211 700 que
238 619 306 682 sive
342 617 532 681 annonariae
553 618 765 699 militaresque
790 619 857 683 sive
888 619 1100 701 largitionales
1123 619 1255 701 species,
1325 690 1329 698 ,

150 728 218 793 sive
241 729 275 790 in
294 727 405 792 liscum
426 728 609 792 inferendae
631 729 698 791 sive
728 748 768 792 ex
789 747 828 792 eo
849 730 1000 808 emissae,
1023 722 1121 807 daea,
1139 734 1173 791 ut
1194 729 1257 792 Zo-
1317 745 1320 822 ζ
1367 779 1374 789 r

147 837 433 918 εἰω.Ν.10.ἀίοἰῑ,
458 841 491 915 ἐξ
514 840 640 918 ἑτοίμου
661 843 812 919 γενέσθαι
833 842 878 924 τῷ
899 841 1103 927 στρατοπέδῳ
1124 836 1181 922 τήν
1203 860 1258 919 χο·
1318 826 1320 895 ἶ

149 947 279 1032 papyriae,
300 948 385 1012 unde
415 948 527 1013 totiens
555 950 594 1013 de
624 949 857 1012 transvehendis
886 951 1059 1032 speciebus
1082 965 1186 1013 sermo
1215 949 1258 1028 iit,

150 1077 238 1139 quarn
262 1059 525 1124 transvectionem
549 1077 607 1122 nos
632 1060 805 1140 Transport
826 1060 981 1142 appellare
997 1060 1142 1124 solemus.
1174 1058 1260 1123 Ferri
1320 1104 1322 1112 .

151 1174 251 1248 potest
275 1167 523 1232 baecl‘ancireli
546 1173 723 1233 annotatio:
746 1172 849 1249 ,Haec
871 1171 954 1253 legio
978 1171 1140 1232 comitatur
1159 1184 1261 1232 anno·

149 1277 255 1340 uarias
280 1278 447 1359 [aliasque]
472 1281 606 1360 speeies,
628 1281 648 1342 i.
659 1300 686 1344 e.
703 1281 898 1359 frumentum,
923 1281 1038 1359 vinum,
1061 1284 1190 1358 vestem,
1212 1278 1261 1342 la·

150 1386 250 1450 ridum
268 1395 455 1469 aestumque
478 1396 508 1451 et
530 1390 641 1454 similia
666 1409 745 1471 quae
766 1409 823 1472 pro
846 1391 965 1455 alendis
987 1389 1133 1462 militibus
1156 1395 1262 1452 nens
1321 1391 1323 1464 ζ

150 1497 345 1562 vehebantur
368 1500 400 1560 in
424 1506 539 1562 castra:
563 1501 623 1564 bae
646 1503 726 1565 enim
749 1504 871 1582 species
891 1500 1090 1564 vocabantur.
1115 1499 1165 1576 (L.
1177 1500 1205 1562 1.
1216 1497 1260 1576 [3.
1323 1559 1325 1576 ἶ

150 1613 182 1671 et
194 1608 250 1670 LL.
260 1605 291 1669 4.
303 1609 349 1683 i.]
364 1608 445 1671 C.de
458 1609 626 1673 navicular.
637 1611 701 1688 [Xl.
712 1613 800 1691 119).
811 1618 842 1673 et
862 1611 964 1674 multis
979 1611 1047 1673 aliis
1061 1610 1150 1672 locis.
1164 1625 1263 1689 ,onus
1323 1645 1325 1658 ι

150 1715 348 1780 frumentarii
373 1724 580 1782 commeatum
601 1720 633 1783 L.
644 1719 673 1781 6.
685 1720 791 1798 ibid.])
823 1721 1065 1803 Continebantur
1091 1719 1124 1780 in
1156 1718 1205 1781 bis
1233 1724 1264 1782 et
1324 1764 1327 1785 r

154 1826 300 1903 sericum,
325 1844 474 1906 purpura,
494 1846 636 1910 gemmae
663 1835 693 1891 et
714 1828 773 1890 alia
800 1828 972 1908 principum
995 1834 1186 1891 ornamenta.
1231 1827 1264 1890 ld

146 1934 238 1998 ‘onus
260 1933 426 2015 publicum'
449 1935 618 2014 appellatur
641 1938 672 1997 in
694 1938 877 1999 L.ua.G.ne
898 1937 969 2016 quid
994 1938 1082 1999 oneri
1104 1937 1262 2018 publ.*[Xl.
1325 1959 1327 1988 ι

150 2046 261 2126 4(5);]
272 2051 301 2106 et
320 2037 472 2125 ‘Bastaga’
497 2045 528 2105 in
550 2045 583 2108 L.
596 2045 626 2108 3.
638 2046 670 2108 C.
683 2047 722 2108 dc
737 2047 856 2109 cehort.
871 2047 1001 2127 princip.
1018 2047 1097 2124 [Xll.
1110 2047 1263 2126 58(57).]

150 2155 310 2236 Quivero
335 2152 486 2234 Bastagas
507 2155 665 2217 transvehi
684 2155 844 2234 curabant,
867 2156 1035 2237 Praepositi
1052 2158 1264 2238 Besiagarum,

152 2265 210 2329 sub
234 2264 352 2326 Gemite
374 2263 583 2345 largitionum,
609 2265 819 2329 dicebantur“.
843 2266 882 2328 de
903 2266 1150 2349 quibus-egimus
1172 2283 1264 2347 supra
1325 2226 1330 2355 i,

36 2392 39 2401 ·
152 2395 183 2457 p.
194 2373 338 2455 365*.sq.
358 2374 396 2435 ad
412 2375 519 2453 p.bll*.
533 2375 579 2449 it.
595 2374 642 2438 13.
656 2393 724 2456 sqq.
760 2376 806 2439 De
830 2377 1060 2439 transvectione
1090 2376 1265 2458 specierum
1329 2418 1331 2437 .

152 2503 211 2567 per
239 2484 423 2546 inferiorern
452 2483 625 2547 Danubium
657 2485 789 2566 insignis
817 2493 864 2548 est
885 2487 1016 2549 Honorii
1034 2470 1265 2566 Tbeodosiique

134 2681 136 2685 Α
152 2593 221 2658 ΑΑ.
234 2593 394 2655 Constanti
410 2593 490 2674 llag.
507 2593 568 2656 llil.
583 2611 640 2675 per
661 2593 808 2657 Thracias
831 2614 858 2658 a.
874 2594 947 2658 419.
963 2597 1034 2659 data
1052 2597 1084 2659 L.
1096 2614 1148 2658 un.
1162 2595 1217 2658 Tb.
1231 2595 1266 2658 C.
1329 2633 1331 2680 3
1404 2620 1407 2628 ⁴

155 2705 196 2768 de
217 2703 313 2766 lusor.
325 2703 519 2767 Danubvll.
536 2705 598 2787 17,
628 2704 667 2767 de
689 2704 814 2769 lusoriis
839 2705 984 2768 limitibus
1006 2707 1165 2769 bloesiaco
1187 2706 1267 2787 Sep·
1329 2689 1331 2761 Ϊ

156 2815 302 2895 tbiceque
333 2814 514 2893 reparandis
543 2815 707 2895 denuoque
740 2793 1040 2896 exstruendis,’ubi
1062 2817 1267 2898 praecipitur:

157 2925 243 3007 ,..si
267 2930 455 2988 insaturatus
478 2925 663 2988 lusoriarum
689 2943 835 2988 numerus
860 2945 929 2988 cum
959 2927 1042 2989 omni
1071 2944 1128 2989 suo
1149 2927 1268 2990 instru-
1386 3002 1388 3007 ,

157 3041 261 3099 mento
285 3052 348 3096 non
370 3034 463 3096 suerit
484 3040 658 3115 apparatus,
683 3036 752 3098 Dux
770 3011 905 3114 quidem,
930 3035 1017 3099 cuius
1040 3042 1180 3117 tempore
1201 3034 1269 3098 dis-

156 3144 271 3226 positio
304 3144 397 3208 luerit
428 3145 485 3206 ista
514 3144 677 3225 neglecta,
709 3144 796 3207 XXX
827 3145 974 3208 librarum
1010 3145 1093 3222 anri,
1123 3144 1267 3208 Ollicium
1328 3109 1331 3200 Ι

157 3273 234 3320 vero
257 3255 323 3317 eius
346 3256 369 3317 L
390 3253 499 3335 procul
521 3254 615 3316 dubio
637 3254 843 3332 mulctabitur,
863 3255 953 3317 etiarn
977 3249 1269 3317 sublimitatis'luaa
1328 3207 1331 3295 f

159 3365 271 3432 Officio
295 3366 318 3428 L
339 3364 435 3426 libras
460 3363 528 3426 auri
552 3363 813 3426 condemnatione
836 3363 1050 3440 subiiciendo,
1073 3363 1100 3424 si
1127 3379 1191 3424 non
1213 3380 1269 3443 per
1330 3364 1331 3374 ’

157 3475 299 3557 singulos
324 3492 422 3537 annos
446 3480 497 3536 ant
521 3471 702 3552 completum
727 3490 895 3550 numerum,
921 3478 972 3534 aut
993 3476 1078 3535 certe
1100 3471 1270 3556 negligen-
1330 3472 1331 3480 ’

157 3586 201 3650 tia
224 3585 475 3667 praetermissum
498 3583 696 3665 magisteriae
723 3584 868 3663 potestati
890 3582 1094 3664 suggesserit.
1139 3582 1193 3647 lllo
1215 3582 1268 3645 ni-
1330 3616 1331 3625 κ

158 3668 223 3759 bilo
246 3696 346 3758 minus
370 3694 579 3773 observando,
603 3699 634 3755 ut
657 3693 724 3755 istis
747 3691 914 3774 seeundum
935 3691 1170 3772 dispositionem
1183 3691 1269 3757 'luae
1330 3670 1332 3687 ⁴

157 3806 367 3890 praestantiae
402 3806 440 3868 ad
471 3804 544 3868 beili
573 3805 672 3867 aleam
700 3803 892 3885 praeparatis
924 3809 1015 3883 elque
1044 3802 1076 3864 in
1106 3802 1268 3868 conflictus

158 3917 285 4000 specula
308 3916 511 3980 munitissima
536 3915 669 3978 statione
699 3915 748 3977 vel
779 3915 938 3976 discursus
963 3915 1188 3993 opportunitate
1211 3915 1270 3979 de-

159 4027 326 4111 ligentibus
352 4025 503 4105 [Gotltofr.
523 4025 621 4086 velerit
642 4025 836 4107 degentibus,
860 4021 985 4085 Haeoel.
1005 4023 1202 4088 delitentibus
1219 4024 1270 4086 eet

117 4222 119 4227 Α
160 4137 431 4214 delitescentibus,
449 4136 585 4215 sortasse
603 4135 811 4215 volitantibus]
835 4135 893 4197 bae
910 4134 1056 4199 duntaxat
1067 4138 1268 4216 quaeeunque

160 4271 200 4313 ex
223 4249 379 4312 veteribus
404 4247 516 4310 luerint
537 4247 744 4324 reformatae,
777 4245 997 4309 transvectioni
1020 4245 1137 4326 speciei
1166 4260 1267 4305 anno-

160 4363 269 4425 nariae
291 4366 525 4425 secernantur“.
575 4360 612 4422 Et
635 4358 795 4438 speciatim
819 4357 1017 4422 sordidorum
1047 4372 1204 4418 munerum
1230 4372 1268 4415 ae
