2918 4914
305 410 435 460 aaran.
459 411 499 459 nu
526 366 1094 476 rao.119*.tt.2d.2lt.urusrrs.
1135 387 1248 463 rota*

147 614 249 694 Atque
272 615 303 676 in
331 613 419 676 huius
450 613 610 694 scriptoris
642 612 837 693 expositione
863 612 1084 694 acquieverunt
1105 613 1250 692 Bouque·

149 725 209 788 tius
224 728 261 800 ⁹⁹,
286 724 487 787 Honthemius
500 729 550 803 ¹⁰⁰,
573 723 634 788 alii.
680 724 701 786 l.
714 726 750 786 Α.
763 723 948 806 Wagnerus,
974 724 1023 786 eui
1039 724 1206 787 editionem
1223 729 1253 785 et

150 834 325 897 versionem
350 834 562 897 Germanicam
587 833 735 896 librorum
760 834 912 896 Ammiani
932 835 1129 914 superstitum
1154 834 1253 897 dehe-

152 963 230 1022 mus,
250 945 350 1007 Laetos
376 951 406 1007 et
428 945 512 1026 ipsos
535 943 724 1008 Alamannos
748 944 855 1022 luisse,
878 945 917 1007 ad
939 944 958 1007 l.
974 965 1000 1007 c.
1014 945 1182 1022 annotavit,
1199 946 1250 1026 qui

152 1058 214 1115 tum
237 1053 328 1117 sedes
351 1055 382 1116 in
405 1053 502 1117 Gallia
524 1054 721 1132 habuissent,
743 1075 778 1135 ,a
800 1055 945 1117 Romanis
968 1054 1068 1117 enim“
1091 1055 1252 1137 inquit„in

152 1163 243 1226 hdem
266 1165 383 1244 recepti
406 1165 444 1227 ad
476 1164 614 1227 militiam
638 1164 765 1227 adhibiti
790 1171 819 1226 et
842 1165 914 1227 Laeti
947 1164 1156 1249 cognominati
1187 1171 1257 1226 sunt

156 1273 196 1338 ob
218 1274 364 1338 laetitiam
388 1275 542 1356 animique
565 1276 852 1356 promptitudinem,
876 1293 935 1355 qua
959 1274 1076 1356 proelia
1100 1276 1179 1338 inire
1202 1292 1257 1338 so-

152 1385 260 1450 lerent.
294 1385 446 1448 eiusmodi
476 1385 630 1469 legionum
655 1385 842 1467 cognomina
873 1385 958 1466 plura
983 1384 1088 1448 allerri
1118 1389 1257 1466 possunt,

153 1517 222 1558 v.c.
236 1495 464 1559 Petulantium“.
509 1496 596 1570 Quae
626 1495 791 1577 explicatio
817 1498 955 1576 quamuis
978 1514 1039 1558 non
1064 1495 1187 1559 felicior
1206 1496 1258 1574 sit,

155 1625 243 1688 quam
268 1606 378 1687 siquis
400 1606 537 1669 Latinum
558 1606 740 1669 vocabulum
765 1606 896 1668 calidum
920 1607 1104 1671 Germanice
1127 1605 1191 1669 laolt
1211 1608 1259 1669 si-

156 1716 304 1800 gnificare
323 1716 513 1797 opinaretur,
529 1723 630 1779 tamen
651 1734 749 1797 nuper
771 1717 873 1779 denuo
896 1717 1014 1798 prolata
1032 1723 1078 1780 est
1098 1723 1145 1776 ¹⁰¹.
1171 1717 1261 1779 hlau-

156 1832 260 1890 nertus
277 1832 316 1867 ¹⁰²
341 1844 462 1907 quoque
486 1826 584 1889 Laetos
607 1827 645 1888 ab
669 1826 761 1888 animi
782 1825 935 1889 hilaritate
950 1826 998 1888 dic
1015 1824 1181 1906 Fraudipen
1202 1825 1261 1889 de-

158 1937 335 1999 nominatos
359 1937 454 1998 luisse
477 1937 611 2017 putavit,
636 1953 752 2017 eosque
781 1936 985 1999 decumatium
1012 1953 1156 2018 agrorum
1186 1953 1262 2016 pos-

158 2063 321 2122 sessores,
356 2064 394 2107 ex
422 2046 546 2107 sedibus
577 2045 641 2108 suis
672 2045 710 2108 ad
743 2046 881 2109 dextram
913 2046 1011 2109 Rheni
1043 2046 1261 2127 sinistramque

160 2155 292 2219 Danubii
317 2155 399 2236 ripas
424 2176 440 2218 a
464 2155 656 2218 Germanicis
679 2154 821 2237 gentibus
845 2154 936 2217 tertio
964 2161 1033 2236 post
1056 2156 1126 2219 Chr.
1139 2174 1168 2216 n.
1189 2173 1263 2218 sae-

161 2267 230 2330 culo
254 2266 420 2346 expulsos,
447 2267 477 2327 in
499 2267 588 2329 Laetis
618 2266 678 2329 sihi
702 2263 877 2347 repperisse
906 2265 991 2329 visus
1015 2271 1075 2329 est:
1105 2268 1261 2330 Romanos

157 2375 323 2458 Gallosque
355 2376 544 2439 Germanicis
583 2375 761 2439 commistos
801 2372 921 2456 populis
958 2373 1133 2438 decumates
1166 2391 1259 2458 agros

158 2487 230 2551 olim
244 2486 426 2570 possedisse
442 2486 576 2567 scripsit,
600 2485 772 2566 iisdemque
792 2493 959 2566 postquam
975 2485 1006 2547 in
1019 2486 1171 2548 Ronranas
1186 2503 1262 2566 pro-

160 2599 280 2661 vincias
303 2616 374 2660 sose
403 2596 614 2677 recepissent,
637 2597 787 2678 prolugos
810 2614 849 2658 ex
871 2595 965 2658 variis
989 2595 1181 2658 Germanicis
1204 2613 1264 2676 po-

157 2709 237 2792 pulis
261 2707 409 2771 admistos
431 2725 521 2784 esse;
544 2707 646 2786 itaque
668 2708 835 2784 Romanos,
858 2706 972 2786 pariter
996 2711 1085 2787 atque
1107 2706 1264 2768 Austriaci

161 2817 317 2899 hodieque
340 2816 484 2879 militibus
507 2817 670 2879 limitaneis
696 2815 896 2896 (Gronitaer3
921 2815 1197 2879 clllasselJa'rdh.
1211 2816 1267 2879 des

161 2930 273 2991 dsterr.
283 2925 436 2988 Kaiserth.
447 2926 551 2990 Vinar.
565 2926 655 2990 1819.
668 2928 710 2990 8⁰.
723 2946 751 3009 p.
764 2927 835 2991 698.
849 2938 934 3008 sqq.)
945 2933 1080 3006 utuntur,
1103 2928 1192 2990 Latis
1205 2927 1264 2991 illis

162 3039 242 3101 inter
274 3036 454 3100 auxiliarem
485 3036 621 3098 militiam
658 3037 695 3099 ad
728 3038 856 3100 tuendos
891 3037 1010 3117 imperii
1046 3036 1157 3100 limites
1191 3055 1264 3100 usas

163 3167 242 3213 esse.
299 3148 387 3209 Hune
420 3147 507 3227 quasi
543 3164 688 3234 acervum
722 3165 860 3209 errorum
892 3147 1045 3227 dissipare
1075 3152 1106 3208 et
1135 3147 1267 3210 demon·

165 3263 283 3334 strare,
307 3255 401 3337 longe
427 3255 516 3317 aliam
547 3260 637 3334 atque
658 3256 833 3318 Mannertus
855 3255 914 3318 sihi
937 3255 1039 3333 linxit,
1062 3256 1144 3318 inter
1166 3257 1266 3319 decu-

161 3365 284 3428 matium
306 3382 452 3448 agrorum
474 3381 673 3444 possessores
693 3383 729 3426 ac
752 3365 851 3426 Latos
873 3363 945 3427 olim
970 3364 1185 3427 intercessisse
1208 3382 1266 3427 co-

162 3475 363 3560 gnationem,
399 3476 465 3538 iere
487 3473 585 3554 qualis
618 3474 697 3536 inter
721 3474 849 3537 colonos
874 3474 1064 3558 originarios
1102 3493 1139 3535 ae
1167 3475 1265 3538 Laetos

265 3769 300 3839 ⁹⁹)
319 3767 379 3818 ller.
391 3764 514 3817 Gallicae.
526 3764 595 3816 Scrr.
606 3764 624 3815 l.
635 3779 660 3831 p.
671 3763 730 3816 550.
858 3768 902 3830 ¹⁰⁰)
920 3763 1053 3815 l'rodrom.
1063 3763 1124 3816 hist.
1132 3763 1230 3816 Treuir.
1244 3765 1277 3823 l.¹

163 3881 188 3933 p.
202 3863 313 3931 233.aq.
437 3865 481 3931 ¹⁰¹)
499 3860 562 3913 llam
582 3877 615 3913 ex
636 3860 761 3929 Wagneri
784 3861 956 3912 annotatione
975 3875 1022 3912 sua
1042 3861 1130 3913 hausit
1150 3863 1191 3913 W.
1203 3862 1228 3914 Τ.
1240 3878 1265 3915 v.

164 3961 231 4015 tait
250 3961 276 4012 in
295 3957 463 4026 Raoleocpel.
473 3958 519 4009 dar
529 3956 603 4009 class.
611 3956 644 4008 Α.
655 3956 690 4008 W.
699 3957 795 4024 stuttg.
808 3956 930 4009 1846.8⁰.
943 3955 1024 4024 lVep.
1033 3957 1093 4010 too.
1221 3964 1266 4030 ¹⁰²)

167 4057 318 4112 Germanic.
331 4052 780 4120 edtt.tipa.1820.8⁰.p.268.aq.
805 4052 933 4104 blanderti
954 4053 1045 4119 opinio
1066 4061 1158 4120 aperte
1177 4057 1267 4108 nocuit

164 4154 338 4223 disputationi
360 4150 536 4221 lluschbergii
558 4146 1266 4219 (includorAlimolrcnksolab.1840.8⁰.p.176.

163 4268 221 4322 sqq.
237 4253 281 4320 qui
301 4253 327 4303 in
348 4264 380 4301 eo
401 4263 505 4318 quoque
526 4263 614 4301 errore
634 4253 753 4298 versatus
776 4253 832 4311 est,
853 4245 923 4315 quod
942 4245 1062 4299 laetorum
1084 4247 1266 4300 condicionem

170 4347 355 4400 acolonorum
375 4352 448 4398 sorte
466 4344 572 4395 omnino
594 4357 645 4393 non
662 4341 786 4394 distinxit.
