2918 4914
192 377 1308 467 808*annorunnor.necennxxxv.nvxrnovrncrnrsrovnnmr.

200 600 412 683 explicandum
434 602 577 665 carminis
597 601 708 679 locum,
726 618 816 681 quern
835 601 1017 680 interpretes
1036 596 1136 661 adhuc
1154 595 1210 657 vix
1234 593 1309 657 attia

200 718 321 794 gerunt,
339 712 398 775 nisi
422 712 501 792 quod
524 712 678 776 Gesnerus
695 711 865 792 Augustum
888 710 946 772 sibi
964 726 1109 771 servasse
1130 705 1307 785 annotavit,

199 828 233 884 ut
254 842 293 886 ex
316 839 373 885 suo
389 822 517 885 arbitrio
543 822 591 885 vel
613 841 651 884 ex
673 823 758 902 reip.
770 839 827 883 usu
850 820 1035 884 divisionem
1057 815 1309 915 administratio-

149 1005 151 1008 .
198 950 328 1014 nemque
343 933 571 1014 provinciarum
593 918 711 994 mutare
730 930 848 1009 liceret,
872 936 903 992 ut
924 949 962 992 ex
977 928 1036 990 tine
1052 927 1200 990 librorum
1216 926 1309 990 Stra·
1361 1007 1365 1029 ι

198 1041 302 1121 bonis,
326 1061 365 1105 ex
374 1042 521 1107 Suetonio
536 1035 714 1119 (Octavian.
724 1039 829 1118 cdi.)
845 1040 1014 1120 Cassioque
1024 1039 1123 1101 Dione
1135 1035 1227 1112 (Llli.
1241 1029 1308 1112 14.)
1361 1066 1365 1109 5

198 1152 273 1218 satis
296 1159 401 1217 notum
423 1158 479 1215 est.

626 1336 847 1347 ”—

602 1479 745 1556 cautu
764 1482 898 1601 XXXV.

283 1680 368 1745 PAG.
396 1684 690 1763 101*.i.9.rubr.]
714 1683 869 1745 Prouiutt‘e
889 1681 924 1747 a.
948 1724 987 1733 -
1012 1684 1164 1766 Sequanm'
1184 1679 1223 1764 iii,
1249 1683 1307 1747 Se·
1361 1672 1364 1731 ἓ

201 1795 334 1874 quanaci
353 1791 390 1872 Ε,
414 1793 604 1873 Sequanicae
618 1812 654 1855 ac
675 1801 705 1857 et
720 1795 905 1876 Schoepdin.
919 1795 1037 1858 nteit.
1052 1797 1112 1877 ip.
1130 1797 1199 1861 129.
1210 1795 1304 1859 notd.
1361 1828 1364 1895 q

199 1904 354 1967 D’Anvitt.
364 1902 430 1966 Not.
440 1905 476 1966 de
488 1905 519 1967 iu
529 1905 624 1966 Gaude
638 1925 666 1986 p.
676 1906 747 1970 503.
757 1906 867 1988 postB.
878 1908 1054 1971 Rhenanum
1064 1905 1218 1985 „dimitist
1230 1907 1307 1970 sub-

199 2015 383 2079 audiendum
403 2035 473 2078 esso
495 2021 614 2092 monet;
636 2034 740 2096 parum
759 2023 854 2095 recte,
880 2035 950 2079 narn
964 2016 1167 2095 Sequanicum
1182 2016 1302 2096 (p.53⁸.

197 2128 225 2202 t.
240 2127 315 2204 ld).
337 2132 370 2187 ut
382 2125 539 2202 Noricum,
556 2125 713 2206 Illyricum
734 2127 853 2208 aliaque
870 2127 1028 2189 eiusmodi
1042 2127 1134 2191 etiam
1148 2129 1305 2191 Romanos

200 2237 327 2316 dixisse,
347 2243 380 2298 ut
392 2237 569 2300 Romanicis
589 2237 703 2318 linguis
718 2244 837 2300 utentes
861 2239 1052 2300 recentiores
1067 2237 1305 2320 quoquepopuli

199 2348 315 2425 dicunt,
337 2354 472 2428 apparet,
496 2348 611 2427 pariter
631 2355 663 2409 ut
684 2331 742 2409 nos
765 2347 821 2408 dae
845 2347 1072 2427 Sequaniectre,
1092 2349 1133 2409 im
1155 2347 1303 2428 Burqun-

86 2515 88 2518 Α
199 2457 333 2535 dioclien,
357 2460 421 2518 aus'
434 2457 499 2518 dem
514 2456 733 2519 Preussisctren
751 2465 781 2520 ct
794 2457 904 2521 similia
920 2458 1060 2521 dicimus
1104 2451 1149 2520 De
1163 2456 1304 2521 Maximo

200 2567 411 2648 Sequanorum
434 2585 525 2647 supra
540 2586 568 2648 p.
579 2568 666 2631 tam.
679 2568 792 2649 sqqad
809 2587 837 2649 p.
849 2570 913 2632 W.
925 2570 952 2644 ir.
965 2568 1012 2632 13.
1025 2568 1168 2648 disserui,
1189 2567 1240 2630 ubi
1266 2586 1305 2632 ex

198 2677 332 2740 Dunodii
355 2675 491 2737 Histoire
513 2676 565 2737 des
587 2675 765 2755 Sequanor's.
789 2678 883 2740 Paris.
901 2678 990 2741 1735.
1002 2678 1044 2739 4⁰.
1058 2679 1146 2758 pau.
1159 2695 1219 2758 sq.,
1242 2678 1303 2741 nisi

199 2804 271 2850 sero
295 2786 375 2848 hunc
397 2786 507 2848 librum
531 2793 639 2848 nactus
672 2806 789 2878 essem,
819 2807 858 2850 ex
879 2787 969 2849 huius
997 2789 1120 2868 quoquc
1140 2787 1303 2868 scriptoris

198 2897 344 2978 opinione
362 2895 518 2958 Maximae
547 2896 728 2959 vocabulum
759 2898 797 2960 ab
828 2897 1010 2960 extensione
1043 2915 1099 2960 sua
1122 2898 1303 2977 provinciae
1358 2942 1362 2965 .

198 3007 326 3071 inditum
349 3006 456 3084 tuisse,
480 3007 719 3069 annotavissem.
752 3009 838 3070 Nunc
853 3008 891 3070 ad
906 3007 986 3070 iilam
1007 3007 1303 3089 quaestionemque

198 3117 238 3181 de
267 3134 378 3181 caussa
409 3116 602 3199 nonnullae
631 3118 809 3197 provinciae
836 3116 990 3178 Mammea
1011 3116 1210 3195 dicerentur,
1234 3134 1303 3180 cum
1359 3161 1369 3197 p

197 3234 299 3290 tamen
324 3227 433 3290 iisdem
463 3228 595 3289 maiores
624 3227 656 3288 in
686 3227 795 3288 iisdem
818 3227 1013 3289 dioecesibus
1036 3205 1210 3305 exstarent,
1234 3226 1303 3289 for·
1358 3209 1362 3269 Ῠ

197 3344 280 3401 tasse
303 3356 320 3400 a
344 3338 474 3418 quodam
497 3338 663 3418 praecipuo
679 3337 785 3400 harum
805 3339 1031 3417 provinciarum
1045 3335 1113 3400 iure
1135 3338 1165 3400 id
1189 3330 1303 3401 sactum

199 3467 285 3526 esse,
309 3450 442 3528 apertius
466 3454 615 3511 annotare
639 3447 746 3523 liceat,
768 3452 801 3507 ut
821 3465 849 3526 p.
866 3447 955 3510 506*.
971 3446 1010 3509 de
1031 3447 1162 3511 Maxima
1184 3447 1303 3514 Caesa·
1359 3448 1363 3477 ‘

196 3557 303 3634 riensi,
331 3575 396 3620 eam
413 3556 647 3638 metropolitano
669 3557 735 3618 iure
758 3557 896 3637 gavisam
919 3557 1014 3619 fuisse
1031 3556 1172 3619 diximus.
1212 3563 1303 3637 atque

199 3667 238 3729 de
259 3668 430 3747 principatu
445 3668 655 3749 Sequanorum
669 3667 907 3746 Aeduorumque
930 3667 989 3728 iam
1003 3667 1090 3730 Caes.
1100 3666 1132 3728 Β.
1144 3666 1178 3728 G.
1188 3667 1238 3728 Vl.
1252 3668 1301 3730 tt.

199 3776 239 3838 ci.
250 3776 273 3837 1.
287 3776 337 3838 31.
352 3777 494 3857 loquitur,
519 3783 550 3839 ut
572 3795 678 3840 eorum
702 3795 778 3859 ager
800 3777 948 3856 „optimus
971 3777 1063 3839 totius
1085 3776 1222 3840 Galliae“
1245 3795 1303 3858 ap·

200 3883 330 3964 pellatur
353 3885 402 3945 cit.
417 3886 500 3948 131.
525 3887 562 3948 Et
582 3888 703 3948 vicinos
725 3886 851 3949 Aeduos
875 3886 945 3948 Tac.
959 3886 1040 3967 ¹dnn
1057 3886 1106 3948 ΙΙΙ.
1121 3885 1172 3949 46.
1186 3904 1304 3968 „pecu-
1359 3888 1361 3929 ¹

200 3994 250 4055 nia
274 3993 353 4055 dites
376 4000 404 4054 et
429 3996 634 4076 voluptatibus
658 3997 838 4077 opulentos“
862 3998 1001 4077 appellnt,
1026 3997 1300 4077 atqueiiist.l.5i.
1359 3943 1362 4060 1

200 4101 309 4164 iisdem
330 4103 489 4181 Sequanos
506 4111 537 4166 ut
558 4107 766 4186 opulentiores
788 4107 973 4187 praeposuit.
1004 4108 1046 4169 lta
1061 4105 1301 4188 Dunodiusl.c.,
1360 4186 1362 4193 Ι

200 4211 340 4273 sednon
370 4211 449 4273 iltius
478 4215 664 4293 quaestionis
691 4216 891 4297 cxpiicandae
915 4235 1041 4294 caussa,
1074 4216 1124 4296 „ta
1149 4216 1304 4295 province
1359 4204 1362 4271 ἶ

201 4319 428 4402 ecciesiastique
452 4322 504 4383 des
534 4323 720 4403 Se'quanaim
754 4328 851 4408 inquit
879 4329 949 4407 „n'u
977 4327 1063 4406 point
1094 4345 1231 4391 reconna
1264 4326 1303 4392 de
