2918 4914
1222 245 1308 328 ,ιὸ

290 418 512 474 eir.xxruu.
527 398 580 468 'un
608 422 674 469 mc.
697 398 796 471 102&
820 403 1096 498 tt.20...22.sq.
1152 400 1236 473 789*

139 619 224 694 riac3
245 618 284 681 ad
308 619 368 681 hoc
390 619 517 727 Equiteq
536 609 735 701 praetoriani,
760 621 884 700 Equites
909 621 1083 703 singulares
1103 619 1243 720 impera-

139 728 227 806 toris,
252 729 331 791 Alae
346 729 496 792 miliariae
512 730 559 792 vel
577 729 807 812 quingenariae.
823 779 829 790 .
845 736 881 792 .“.
904 730 1081 811 singulares
1093 732 1158 794 sive
1169 731 1243 795 Sin-

136 838 251 918 gularii
274 840 330 920 (cl.
351 839 478 902 Salinas.
496 841 533 902 ud
557 841 709 920 spartiaui
724 840 809 904 Pesc.
826 842 895 923 Nig.
913 844 999 922 cb)
1020 849 1080 905 tarn
1110 844 1141 904 in
1168 842 1242 906 Ales
1331 907 1336 911 .

139 966 229 1030 quam
255 950 284 1011 in
308 950 457 1014 cobortes
481 970 520 1014 ex
542 951 683 1014 omnibus
707 951 884 1015 indistincte
907 954 1116 1034 cuiuscunque
1139 953 1243 1016 natio-
1348 951 1352 957 '

139 1059 188 1122 nis
211 1060 362 1139 Numeris,
386 1068 418 1123 ut
441 1066 556 1123 certum
577 1062 664 1142 quasi
686 1063 949 1143 praetorianorum
969 1063 1240 1142 (Gardesoldatcn)

137 1188 238 1254 genus
263 1172 456 1255 eligebantur
478 1177 507 1232 et
530 1172 639 1234 ciuium
654 1174 861 1237 Romanorum
884 1173 960 1251 iure,
985 1181 1017 1236 ut
1038 1174 1169 1253 videtur,
1183 1173 1242 1237 lrui

138 1281 291 1345 soleburit.
315 1282 397 1344 unde
414 1282 525 1344 lactum
545 1288 591 1345 est
608 1289 638 1345 et
659 1289 691 1344 ut
713 1301 821 1355 eorum
842 1284 917 1364 ipsis
930 1283 1077 1362 numeris,
1099 1283 1240 1348 bediis

139 1390 365 1454 Cobortibusve
382 1390 595 1472 Singularibus
618 1399 653 1470 (a
676 1392 798 1472 quibus,
823 1395 961 1472 quamvis
974 1395 1166 1458 recentiores
1181 1410 1243 1455 non

140 1499 334 1581 distinguere
356 1499 468 1578 solent,
490 1499 615 1580 Equites
638 1500 816 1599 singulares
842 1502 930 1564 buius
955 1503 1075 1566 illiusve
1097 1502 1244 1585 Legionis
1292 1551 1295 1556 .

137 1611 208 1675 sive
233 1611 382 1688 Turmae,
406 1609 518 1690 passim
542 1611 572 1672 ia
596 1602 747 1691 lapidibus
769 1613 928 1676 memorati
950 1613 1098 1696 distingui
1121 1613 1244 1691 debent,

138 1721 256 1804 pariter
279 1727 369 1802 alque
391 1745 512 1784 uenires
535 1740 718 1786 srucvnunes
740 1747 919 1787 surrentum
945 1732 1013 1806 post
1035 1725 1109 1787 Aias
1124 1724 1246 1788 Cohor-

140 1839 251 1913 tesque
275 1831 435 1894 memorati
458 1831 488 1892 in
512 1831 676 1911 diplomate
691 1833 814 1894 Traiani
838 1851 885 1912 ap.
902 1834 1029 1896 drueth.
1048 1852 1076 1914 p.
1086 1833 1245 1909 teuta*

138 1942 325 2008 vocabulum
357 1943 447 2004 unius
473 1942 603 2005 alicuius
628 1942 731 2023 populi
761 1942 934 2006 nationisvo
964 1962 1025 2006 nou
1059 1945 1245 2022 adiceretur,

139 2061 170 2116 et
194 2060 226 2115 ut
247 2073 264 2115 a
286 2053 397 2130 Lectis
420 2052 546 2131 Electis,
570 2051 710 2130 Selectis,
734 2052 910 2130 Praelectis,
936 2054 1064 2135 aliisque
1083 2060 1246 2134 praestan-

140 2163 273 2227 tioribus
297 2162 456 2241 Numeris,
481 2163 531 2242 qui
555 2161 658 2224 itidem
682 2181 720 2224 ex
743 2161 876 2225 diversis
899 2163 965 2225 sive
991 2162 1166 2245 legionibus
1188 2183 1253 2227 au-

138 2273 286 2354 xiliisque
308 2273 375 2334 sive
398 2271 517 2353 populis
535 2271 810 2351 componebantur,
824 2272 998 2335 accuratius
1017 2273 1248 2356 distingueren-

140 2390 201 2446 tur.
246 2383 352 2463 Neque
375 2388 482 2444 contra
502 2381 576 2444 lacit
597 2381 701 2443 titulus
724 2398 820 2462 prope
842 2380 966 2462 Psdrinp
988 2381 1026 2444 ad
1048 2382 1179 2445 Danubii
1201 2384 1248 2445 si-

140 2492 273 2555 nistrum
300 2492 396 2572 ripam
423 2504 503 2566 (non
537 2491 577 2552 ita
611 2491 720 2570 procul
750 2510 767 2551 a
801 2490 931 2575 Celeuso
962 2491 1178 2573 Abusinaque)
1208 2493 1247 2556 ab

140 2602 300 2681 Aventino
325 2607 477 2680 repertus,
501 2618 588 2681 quem
607 2600 694 2663 varie
718 2601 862 2663 exhibent
882 2602 1002 2664 Gruter.
1013 2602 1065 2679 87,
1080 2602 1122 2678 6.,
1135 2602 1246 2665 Donat.

143 2711 198 2791 59,
209 2713 251 2790 5.,
262 2729 412 2792 quemque
426 2711 464 2773 de
474 2710 534 2771 Ala
544 2710 647 2789 primo
660 2710 909 2791 singulariorum
919 2709 1127 2791 Hispanorum
1139 2710 1249 2774 ciuium

143 2822 354 2884 Romanorum
377 2821 590 2899 interpretetus
618 2827 665 2883 est
690 2820 857 2884 Leicbtleu.
880 2840 908 2901 p.
922 2820 991 2912 189.
1005 2839 1091 2903 sqq.;
1120 2842 1159 2885 ex
1181 2823 1250 2885 Do-

142 2938 216 2998 nato
240 2933 307 2996 sive
329 2948 368 2993 ex
381 2930 542 3011 ubingen,
557 2913 663 2992 lsleiuc
677 2930 819 2992 deutsclte
832 2929 995 3011 Schriften.
1014 2930 1248 2997 Wtrtentatsso.

142 3060 211 3124 sqq.
227 3048 303 3124 part.
317 3040 353 3103 ll.
366 3050 396 3118 §.
412 3041 440 3103 7.
453 3059 523 3122 pag.
533 3041 583 3104 81.
598 3058 665 3121 sqq.
685 3041 775 3103 etiam
799 3039 977 3102 buchnerus
1002 3039 1250 3121 (Teusclsmoner

142 3155 168 3216 l.
180 3152 288 3232 plis.)
302 3168 464 3232 perperam
481 3150 542 3212 Ala
564 3149 583 3210 1
602 3150 848 3231 singulariorum
873 3145 1023 3211 lbraeum
1037 3158 1122 3225 (anu.
1136 3163 1165 3236 up
1179 3150 1249 3214 slrc.

136 3287 245 3357 ¹rrniic.
258 3286 320 3323 cvr.
335 3283 441 3323 urerer
462 3261 466 3343 Ι
488 3245 832 3339 acerentinum.)
852 3278 905 3321 eas
928 3258 1046 3321 litteras
1071 3259 1250 3342 significare

145 3374 286 3454 sumpsit,
312 3390 390 3453 quae
411 3376 463 3434 aut
487 3392 544 3433 nna
572 3395 580 3431 ι
603 3394 709 3432 srucvr
733 3397 750 3432 c
775 3396 792 3432 n
814 3370 878 3448 (ala
900 3370 996 3451 prima
1019 3370 1184 3451 singularis
1203 3371 1250 3433 ci-

143 3486 226 3547 vium
250 3485 475 3562 Romanorum)
498 3486 549 3543 aut
573 3505 632 3542 aaa
658 3505 665 3541 ι
691 3503 760 3544 siue
787 3483 868 3560 r(ia)
892 3480 1033 3572 infidelis)
1058 3504 1074 3540 c
1098 3505 1114 3543 a
1140 3481 1250 3563 legeu-

144 3595 204 3658 dae
216 3599 313 3672 eraut,
324 3611 413 3674 quam
425 3590 630 3672 posteriorem
644 3589 806 3653 lectionem
816 3590 906 3651 etiam
919 3590 1093 3653 llenaeuius
1102 3587 1248 3667 (Jabrbb.

144 3705 197 3766 des
209 3702 279 3765 Ver.
292 3719 322 3763 o.
338 3701 373 3763 A.
384 3701 414 3762 b.
429 3702 449 3762 i.
462 3700 576 3767 illiciat.
588 3700 665 3764 Xlll.
679 3718 708 3779 p.
722 3699 791 3776 44.)
805 3718 843 3762 ex
867 3699 928 3762 alio
951 3698 1037 3760 titulo
1060 3700 1174 3762 ibidem
1197 3720 1251 3764 re-

143 3820 232 3896 perto
258 3812 341 3892 (,ala
367 3813 379 3874 l
402 3811 541 3893 singular
562 3810 613 3873 Pia
636 3809 749 3896 Fidelis
772 3809 890 3872 Civium
913 3811 1139 3873 Romanorum
1161 3810 1201 3874 cl.
1219 3828 1248 3872 a.

147 3986 176 3994 ..-
203 3982 448 3992 ...ψ-...-

246 4087 271 4152 ‘J
294 4085 331 4136 lle
351 4084 410 4151 quie
434 4082 484 4133 hue
503 4083 620 4134 traheret
639 4081 792 4150 Singularer
812 4083 856 4149 qni
881 4083 907 4132 in
928 4080 1037 4134 (illiciis
1058 4081 1114 4133 lere
1134 4084 1249 4132 omnium

144 4183 301 4252 dignitatum
327 4180 636 4249 administrationumquc
660 4196 707 4246 per
728 4187 807 4231 totam
832 4181 899 4232 banc
924 4179 1050 4231 Notitiam
1071 4178 1185 4246 aliisque
1207 4177 1249 4229 lo-

145 4283 183 4331 eis
203 4281 343 4348 leguntur,
371 4280 415 4330 vix
438 4293 546 4330 monere
568 4294 646 4330 ausus
668 4294 767 4340 essem,
794 4280 844 4329 nisi
865 4254 892 4329 in
916 4277 986 4329 bunc
1007 4292 1113 4345 quoque
1134 4291 1248 4327 errorem

144 4371 197 4430 non
219 4378 306 4430 nullos
325 4377 449 4443 delapsos
471 4393 530 4429 ease
553 4377 739 4429 meminissem.
791 4413 792 4416 ,
