2918 4914
105 211 1316 304 ww»

453 414 579 464 otrus„
603 415 645 463 nn
662 390 887 479 ric.118*.l.
905 396 963 465 10.
1152 391 1267 470 1007*

158 631 255 685 mteris
273 633 313 685 rei
335 631 459 699 publicae
478 646 532 683 nou
551 631 713 696 continetur,
732 631 866 683 sententia
883 636 972 683 tamen
987 631 1046 682 eius
1063 637 1119 683 rata
1135 639 1185 697 est,
1198 647 1268 702 quo-

159 734 231 786 nism
255 731 455 784 indemnitatem
477 730 516 782 rei
537 729 662 797 publicae
683 729 812 798 praestari
832 729 946 799 iussit“.]
985 728 1128 782 Pecuniam
1152 729 1269 801 denique

159 828 293 898 publicam
315 829 374 897 ipse
396 826 546 880 collocabat
572 834 619 878 aut
640 826 781 897 exigebat,
805 841 860 877 non
879 827 958 878 etiarn
977 826 1182 879 foenerabaturr
1205 829 1270 898 quia

159 927 187 979 id
204 925 334 996 praelecti
354 925 503 978 kalendarii
521 940 616 977 munuc
640 931 704 977 crat.
725 924 928 995 (b.18.§.2.ll.
941 924 1095 977 demones
1112 923 1186 990 bon„
1204 925 1267 979 L.9.

160 1027 189 1090 §-
200 1024 225 1078 7.
236 1023 310 1076 l).de
322 1022 390 1075 adm.
401 1022 495 1075 round
506 1024 571 1093 cir.)
590 1021 614 1074 ls
634 1029 661 1074 ot
679 1022 726 1074 alii
739 1028 875 1074 curatores
894 1021 1037 1090 quotannis
1056 1021 1268 1074 administratio.

157 1121 201 1174 uls
218 1136 284 1174 suae
308 1120 437 1173 rationem
461 1118 573 1171 reddere
596 1119 772 1185 tenebantur,
799 1125 827 1171 et
850 1117 935 1171 iactas
954 1120 1088 1187 impensas
1114 1120 1267 1185 ostendere,

159 1219 226 1271 actis
243 1216 359 1285 publicis
376 1217 512 1268 insinuare
536 1216 576 1286 (L.
583 1216 626 1270 26.
637 1214 666 1268 G.
678 1215 712 1269 de
727 1217 810 1283 episc.
824 1214 883 1267 aud.
894 1215 915 1267 l.
926 1214 974 1289 4.),
996 1222 1023 1267 ct
1042 1230 1074 1268 eo
1093 1214 1173 1268 modo
1194 1220 1268 1270 tutus

158 1332 175 1369 a
191 1315 316 1368 molestia
332 1314 483 1367 reddendae
502 1315 613 1365 rationis
632 1313 720 1366 debat.
751 1312 843 1366 l'lures
861 1312 1024 1382 quandoque
1039 1319 1176 1367 curatores
1189 1329 1268 1368 cres.

156 1413 266 1479 bantur,
285 1427 346 1465 curn
364 1411 483 1479 Papirius
502 1411 590 1464 iustus
610 1410 798 1482 (L.9.§.8.1).
811 1410 1020 1464 deadm.rer.ad
1038 1411 1090 1463 cir.
1101 1409 1130 1464 L.
1142 1412 1181 1480 8.)
1197 1413 1268 1465 scri.

156 1511 211 1577 bat,
232 1515 382 1563 curatorem
401 1510 441 1561 rei
466 1507 631 1578 p..collegae
658 1510 765 1559 nomine
787 1509 890 1572 teneri,
911 1508 934 1559 si
959 1523 1019 1560 euru
1046 1507 1118 1560 male
1142 1516 1268 1580 agentem

156 1605 300 1675 probibere
319 1606 405 1674 potuit
429 1611 456 1657 et
475 1618 529 1655 non
547 1605 621 1657 iecit.
665 1604 694 1656 ln
719 1603 893 1673 expediendis
919 1604 1035 1671 publicis
1066 1603 1267 1658 difficultatibus

155 1705 196 1757 rei
214 1718 240 1772 p.
252 1709 360 1755 curator
379 1716 529 1754 assensores
549 1707 576 1752 et
594 1700 728 1754 lurecone.
741 1700 870 1768 vocabat,
898 1715 1010 1769 quorum
1029 1701 1144 1755 consilio
1170 1703 1268 1757 uteba-

157 1807 207 1867 tur,
225 1815 261 1854 ne
280 1797 382 1869 aliquid
400 1798 470 1851 forte
488 1799 636 1851 contraius
655 1796 698 1850 rel
718 1804 819 1849 temere
833 1797 944 1863 iaceret,
965 1805 993 1850 et
1010 1805 1040 1848 ut
1056 1799 1167 1851 aliorum
1187 1803 1268 1856 etiam

157 1896 312 1965 opinionem
328 1893 448 1962 audiret,
472 1901 499 1946 et
517 1893 588 1946 istud
607 1901 649 1946 est
669 1893 810 1947 consilium
830 1896 959 1947 curatoris
977 1896 1017 1947 rei
1032 1911 1069 1962 p,
1090 1897 1167 1948 cuiue
1185 1896 1268 1965 Papi..

155 1994 251 2045 uianus
270 1992 311 2062 (L.
322 1992 347 2046 d.
365 1992 398 2045 lt.
409 1991 443 2044 de
459 1992 609 2044 odessess.
619 1989 639 2042 1.
650 1991 707 2064 22.)
721 1991 858 2043 meminit.
872 2027 901 2043 ..
921 1990 973 2044 Sed
995 1990 1065 2043 iorte
1085 1991 1215 2063 intelligit
1232 1994 1267 2048 de

157 2087 273 2141 consilio
293 2088 392 2141 eirium
410 2087 442 2139 ad
461 2087 513 2140 boc
532 2087 688 2152 electorum,
708 2101 766 2138 cum
785 2101 880 2139 servus
898 2091 938 2140 rei
956 2101 983 2154 p.
999 2093 1056 2139 erat
1075 2090 1267 2141 manumitten-

154 2187 213 2239 dus.
227 2188 262 2258 [i]
289 2184 426 2238 curatoris
444 2185 485 2237 rei
505 2200 531 2253 p.
549 2185 577 2236 in
596 2185 709 2236 vetustis
727 2183 901 2236 marmoribus
927 2184 1055 2253 frequens
1082 2191 1123 2237 eat
1147 2187 1266 2253 mentio;

156 2282 256 2353 legitur
274 2282 344 2335 eninr
364 2281 472 2334 Brixiae
494 2280 558 2348 [vid.
570 2280 640 2341 titul.
648 2281 680 2333 ad
691 2280 740 2348 id.
753 2280 794 2333 to.
806 2296 846 2349 sq.
859 2279 962 2351 exbib]
983 2280 1086 2332 Perueii
1105 2295 1227 2350 quoque:
1240 2298 1265 2335 o.

156 2395 251 2433 sesto.
260 2395 283 2432 c.
295 2395 320 2434 r.
328 2395 351 2432 u.
362 2397 388 2432 rr.
396 2395 454 2431 rao.
463 2393 557 2432 annno.
565 2393 760 2431 rnocrusrasro.
768 2391 898 2432 rannone.
908 2393 949 2430 rr.
959 2392 1103 2430 ornarent.
1112 2393 1137 2430 a.
1146 2394 1171 2429 r.
1177 2393 1265 2432 nao-

156 2493 279 2530 nansrru.
319 2476 498 2529 Alexandrum
516 2476 580 2544 imp.
593 2473 652 2527 lllll
669 2475 769 2528 Romae
788 2475 861 2527 urbis
881 2481 1017 2527 curatores
1030 2474 1130 2527 iecisse
1142 2474 1266 2544 lampri-

157 2574 216 2626 dius
234 2573 327 2626 scribit
348 2573 417 2648 [cap.
429 2573 536 2644 33.]...
565 2571 665 2641 [Potius
685 2572 717 2624 ad
743 2587 799 2624 reru
825 2571 936 2624 iecisset
954 2573 977 2624 si
1000 2586 1034 2623 ex
1058 2571 1191 2640 Spartiaui
1214 2574 1264 2627 rit.

156 2668 285 2723 Pescenn.
299 2669 320 2724 l.
336 2669 404 2723 baec
422 2669 505 2722 rerba
530 2667 700 2736 protulisset:
717 2667 895 2736 „Pescennius
921 2668 1115 2740 lliger...avo
1142 2675 1265 2722 curatore

154 2767 270 2836 Aquini.
283 2771 319 2838 β]
344 2766 481 2819 Curatoris
507 2767 546 2818 rei
567 2782 593 2833 p.
610 2781 720 2819 munere
744 2766 824 2819 bodie
842 2768 870 2819 iu
893 2765 970 2834 plura
994 2772 1056 2817 suut
1075 2765 1180 2831 divisa,
1201 2767 1264 2821 ideo

153 2862 244 2915 nullus
268 2861 349 2916 iacile
368 2864 395 2915 ei
415 2862 531 2916 conferri
549 2870 647 2932 potest.
683 2863 762 2931 Apud
782 2878 831 2916 noe
849 2864 930 2917 iudex
949 2865 1053 2916 riarum
1075 2871 1103 2916 et
1121 2864 1265 2920 thesaura.

153 2961 210 3013 rius
229 2966 257 3013 et
274 2960 401 3027 syndicus
420 2962 478 3013 eius
499 2960 589 3013 oilieio
609 2961 765 3031 iunguntur.

154 3055 201 3111 EX
222 3056 436 3111 dornorttnnr
456 3057 844 3112 continuandorum.
863 3054 1132 3110 rttnondottnu
1153 3057 1265 3113 DECV-

593 3153 720 3209 RIONIB.
731 3154 786 3208 llll.
797 3156 821 3206 t.

256 3252 484 3323 ...παραλλήλως
504 3253 572 3304 baec
589 3254 676 3319 posita
697 3252 749 3305 boc
767 3251 828 3303 loco
842 3252 1046 3306 Proceretiortes
1063 3251 1105 3305 oei
1117 3251 1203 3304 Cures
1222 3255 1264 3306 ei.

152 3350 269 3402 ritem
299 3348 380 3402 iidern
408 3348 467 3401 scil.
489 3347 676 3400 Procuratores
695 3354 724 3408 et
743 3348 885 3400 Curatores
906 3348 1044 3401 civitatum
1064 3363 1085 3400 s.
1105 3349 1144 3400 rei
1164 3363 1190 3416 p.
1207 3349 1264 3402 Cu.

154 3451 270 3498 ratornrn
289 3445 318 3497 llt
337 3445 437 3498 diserte
456 3446 556 3498 mentio
577 3452 639 3496 octo
658 3443 764 3515 legibus
783 3444 836 3497 boc
855 3443 971 3496 Codice:
991 3442 1039 3496 nt.
1049 3444 1076 3497 3.
1087 3444 1113 3497 8.
1123 3444 1157 3497 do
1177 3444 1264 3499 dona.
1352 3429 1357 3442 ’

153 3545 220 3595 tion.
231 3541 300 3595 virt.
311 3543 362 3607 tt,
382 3542 410 3593 l..
419 3543 444 3594 5.
454 3540 488 3594 de
497 3540 647 3593 exbib.reis
657 3539 702 3593 lll.
713 3542 751 3606 2,
770 3540 798 3593 L.
806 3542 832 3594 3.
841 3543 869 3606 §.
880 3544 903 3594 l.
916 3540 949 3593 de
958 3542 1203 3608 superexactionib.
1218 3543 1262 3597 xl.

153 3640 191 3705 8.,
211 3639 372 3706 beant
385 3639 446 3692 lde
465 3640 498 3690 iis
516 3654 585 3708 quae
604 3637 891 3703 administr.Vlll.15.,
913 3638 1261 3709 t.3t.oeeptrcoptsxv1.

153 3739 191 3803 2,
211 3736 240 3789 L.
247 3737 273 3790 2.
284 3736 317 3789 do
328 3751 430 3789 canone
442 3735 519 3788 irum.
533 3734 563 3789 U.
574 3735 605 3790 ll.
618 3735 684 3788 lllll.
698 3737 748 3801 15,
767 3733 796 3788 L.
809 3737 832 3787 i.
843 3735 877 3788 de
890 3736 1022 3788 scaenicis
1031 3735 1089 3790 XV.
1098 3736 1123 3788 7.
1144 3734 1173 3787 ln
1185 3737 1263 3807 glos-

152 3833 324 3888 sinceraret·
342 3826 519 3906 φροντιστὴς
541 3837 589 3887 sol
608 3832 747 3900 loyrorq'r.
786 3833 922 3885 Curatorie
941 3846 1048 3902 quoque
1067 3833 1184 3886 civitatis
1202 3836 1263 3887 Au.

153 3930 298 3984 tiocbenae
316 3930 436 3983 meminit
453 3930 582 3982 Ammiau.
594 3929 662 3982 xlv.
674 3930 699 3996 7,
711 3930 751 3982 ¹7.
764 3928 877 3995 duces,
898 3930 1001 3998 iuquit,
1021 3930 1126 3998 quidam
1146 3931 1263 3984 Curatur

151 4028 225 4082 serbis
242 4027 325 4080 sedito
344 4029 422 4080 eirea
459 4027 500 4080 lle
520 4027 571 4079 boc
593 4026 686 4079 eodem
706 4024 834 4078 Curatore
853 4027 972 4093 accipio,
991 4033 1019 4079 et
1037 4027 1108 4096 quod
1128 4026 1262 4096 Capitoli-

118 4130 124 4143 ·
152 4139 202 4177 nus
219 4124 312 4177 scribit
330 4125 358 4176 in
378 4125 528 4178 liaredut.
539 4122 607 4175 Pbil.
619 4139 642 4175 e.
653 4125 695 4175 ii.
706 4126 829 4179 Marcam
848 4122 990 4175 Curatores
1007 4125 1094 4177 mattis
1113 4124 1261 4177 decertare

151 4239 166 4275 e
183 4229 279 4276 ιιιιιιι
298 4221 407 4287 deditae,
427 4238 475 4290 quo
495 4222 576 4275 lutiae
594 4221 742 4273 senatorios
760 4219 877 4272 tenderet
898 4220 1046 4290 diqnitntes.
1084 4219 1159 4274 Unde
1176 4227 1259 4289 patet,

149 4326 180 4372 nt
201 4334 235 4373 ex
253 4318 304 4372 beo
315 4317 344 4371 L.
357 4318 699 4391 [20.'l'b.0.dedeeurion.]
710 4317 878 4390 breperato
895 4319 937 4375 eet
954 4317 1090 4385 codicillis,
1109 4317 1261 4386 al’rincipe

105 4540 1312 4601 lm
