2918 4914
189 245 1343 296 ἕψῃ-*ξμς

201 369 292 450 664*
334 399 450 447 annor.
466 388 506 448 an
521 400 595 449 nor.
612 399 683 449 occ.
699 399 768 449 ear.
780 400 873 449 xxxa.
901 400 1117 453 uvxaannon.
1128 403 1168 453 ιι.

290 598 430 662 Ceterum
453 616 564 662 moneo
589 617 638 661 me
668 615 731 660 non
762 598 853 661 nuliis
875 598 962 663 libris
991 601 1033 663 uti
1063 620 1126 665 non
1149 603 1296 685 potuisse,

162 702 165 711 ’
198 709 268 790 qui,
290 709 392 774 siens
415 709 563 773 adhibere
585 708 688 772 datum
711 707 836 787 suisset,
860 709 968 790 procul
990 710 1082 775 dubio
1112 729 1177 777 non
1198 713 1295 778 solum

198 820 334 885 mihimet
363 821 422 901 ipsi
447 837 589 901 magnam
610 818 726 882 laboris
753 826 871 899 partem
900 821 1100 900 minuissent,
1123 822 1181 887 sed
1207 823 1295 889 etiam

201 931 239 993 ab
263 929 421 994 erroribus
452 947 529 1011 quos
560 929 684 991 omnino
716 946 777 991 non
808 930 999 994 committere
1028 932 1160 994 maxime
1188 933 1222 995 in
1250 933 1296 998 bis

196 1040 289 1103 rebus
314 1038 545 1121 topographicis
568 1037 693 1102 difficile
721 1043 785 1117 est,
809 1035 1029 1102 defendissent.
1062 1039 1174 1121 loquor
1195 1047 1293 1107 auten

196 1150 349 1232 imprimis
367 1148 405 1211 de
423 1148 484 1210 loa.
505 1147 647 1211 Severini
663 1147 820 1211 Pannonia
844 1154 981 1211 veterum
1003 1152 1210 1215 monumentis
1227 1151 1297 1215 iilu-

196 1265 290 1324 strata
318 1278 344 1322 c.
362 1259 458 1321 Dacia
480 1257 866 1339 Tibissana.1.ips.1iil.‚
889 1258 1120 1324 Sclrbnwisneri
1144 1260 1244 1342 tibris,
1267 1282 1294 1327 e.

197 1387 247 1452 gr.
260 1368 415 1432 Historiae
436 1367 647 1446 subenensis,
671 1364 750 1431 'item
776 1369 981 1432 commentar.
1002 1370 1033 1432 in
1050 1372 1217 1435 Romanor.
1242 1371 1299 1436 iter

197 1496 254 1559 per
273 1478 450 1543 Pannoniae
471 1478 580 1560 ripam.
602 1477 716 1541 Budae.
735 1478 771 1541 ΙΙ.
787 1477 831 1542 4⁰.
853 1478 955 1557 1786,
978 1485 1009 1542 et
1030 1479 1241 1544 Katancsiclrii
1260 1480 1300 1545 ti-

197 1590 254 1653 bro
277 1587 364 1668 „lstri
387 1587 562 1650 accolarum
584 1605 694 1670 geogr.
706 1592 822 1651 vetus“.
844 1588 919 1651 Bud.
932 1586 1019 1650 litio.
1038 1588 1128 1655 1826.

282 1733 323 1744 -
344 1697 373 1772 i.
395 1696 441 1776 4.]
466 1696 561 1760 Cunei
586 1697 617 1759 in
638 1697 760 1778 Europa
783 1696 881 1762 solum
899 1696 992 1761 modo
1015 1717 1033 1760 a
1056 1696 1181 1780 Scythia
1202 1714 1299 1781 nsque

197 1805 236 1868 ad
258 1805 444 1869 Pannoniam
473 1805 603 1868 Primam
636 1812 840 1869 recensentur
865 1805 926 1868 h'oc
950 1806 1047 1870 libro:
1077 1806 1209 1887 primurn
1240 1824 1298 1871 oc-

198 1921 325 1980 currunt
338 1916 395 1979 snb
414 1916 500 1980 Duce
515 1915 668 1998 Scythiae,
685 1917 755 1979 Not.
770 1916 821 1979 Or.
836 1935 862 1979 c.
873 1915 1023 1994 xxxv1.;
1043 1934 1103 1980 nee
1123 1917 1185 1980 nisi
1199 1916 1297 1999 Equi-

198 2032 259 2089 tum
281 2027 371 2090 cunei
394 2033 618 2105 memorantur,
649 2043 717 2088 cum
745 2043 859 2088 cuneus
892 2024 965 2088 oiim
988 2045 1027 2090 ex
1050 2026 1203 2108 peditibus
1227 2027 1299 2091 ior-

197 2143 333 2201 maretur
356 2155 393 2201 ac
415 2138 524 2218 Veget.
539 2135 589 2199 111.
607 2134 656 2200 19.
673 2137 720 2198 sic
743 2135 887 2198 deliniat:
918 2135 1057 2216 „Cuneus
1083 2136 1196 2199 dicitur
1219 2135 1300 2201 rnol-

197 2246 295 2310 titudo
315 2247 450 2329 pediturn
466 2264 543 2328 quae
557 2245 661 2308 iuncta
677 2248 744 2308 acie
763 2245 863 2327 primo
882 2245 1051 2328 angustior,
1073 2245 1186 2309 deinde
1208 2245 1300 2311 latior

141 2344 147 2427 ᾗ
196 2357 339 2439 procedit
360 2362 390 2419 et
413 2356 662 2420 adversariorum
685 2355 814 2419 ordines
837 2356 965 2436 rumpit;
988 2355 1090 2436 quiea
1111 2354 1251 2436 pluribus
1268 2357 1299 2419 in

105 2452 108 2457 ’
195 2484 289 2529 ιιιιιιιιι
310 2465 412 2529 locum
434 2466 495 2531 tela
516 2466 682 2529 mittuntur.
717 2482 805 2546 qrram
830 2483 896 2528 rem
919 2464 1029 2528 milites
1056 2464 1217 2527 nominant
1238 2464 1300 2529 Ga·

197 2581 251 2657 put
272 2575 442 2655 porcinum.
475 2580 583 2638 contra
613 2574 695 2656 quod
720 2574 875 2638 ordinatio
895 2575 1019 2655 ponitur
1039 2591 1128 2655 quarn
1150 2574 1298 2639 Foriieem

196 2690 310 2748 vocant
322 2731 330 2745 .
344 2692 382 2746 .“.
405 2684 445 2747 ci.
460 2684 525 2748 Liv.
540 2683 634 2748 XXii.
646 2683 698 2747 47.
710 2689 739 2747 et
750 2685 830 2766 Lips.
846 2683 886 2747 de
899 2683 1006 2748 militia
1027 2685 1114 2748 Rern.
1132 2684 1181 2746 lv.
1195 2685 1225 2748 7.
1239 2684 1300 2748 ibi·

198 2813 257 2876 que
280 2794 343 2856 citt.
356 2793 521 2876 Agathianr
544 2813 581 2858 ac
603 2792 739 2858 Snidam.
784 2794 815 2857 S.
828 2793 992 2875 Augamtin.
1006 2794 1045 2857 de
1067 2794 1176 2858 ordine
1199 2795 1236 2858 li.
1250 2795 1297 2872 18,

198 2902 248 2968 48.
260 2924 320 2984 „ex
343 2903 443 2967 multis
457 2903 602 2966 militibus
616 2903 648 2965 fit
664 2920 742 2965 unns
763 2903 927 2966 exercitus.
949 2920 1052 2966 nonne
1075 2903 1202 2985 quaevis
1219 2903 1300 2967 mul-

198 3014 295 3077 titudo
315 3030 353 3078 eo
376 3014 475 3075 minus
492 3013 624 3076 vincitur
647 3029 708 3094 qam
729 3012 828 3095 magis
852 3013 997 3076 inunum
1021 3012 1106 3076 coit?
1127 3013 1210 3076 unde
1233 3014 1300 3095 ipsa

198 3124 292 3187 coitio
316 3124 346 3186 in
368 3141 461 3187 unum
486 3122 607 3186 Cuneus
632 3123 807 3189 nominatus
829 3128 876 3187 est
898 3123 985 3204 quasi
1009 3122 1181 3187 couneus“.
1204 3129 1300 3187 etex

200 3234 260 3297 hoc
281 3233 390 3297 isidor.
401 3239 491 3315 etym.
502 3231 553 3295 iX.
564 3231 657 3310 3,61.
677 3233 819 3311 „Cuneus
844 3239 890 3297 est
916 3232 1045 3296 collecta
1069 3233 1100 3295 in
1121 3250 1216 3296 unum
1237 3232 1299 3296 mi-

195 3343 279 3407 iitum
292 3343 462 3407 multitudo.
487 3342 580 3420 unde,
599 3349 725 3424 propter
748 3342 831 3424 quod
851 3342 882 3404 in
904 3360 997 3405 unum
1019 3343 1093 3421 coit,
1117 3342 1182 3424 ipsa
1205 3342 1300 3407 coitio

198 3456 230 3518 in
250 3474 345 3519 unum
369 3455 490 3518 Guneus
518 3453 693 3516 nominatus
726 3460 773 3517 est
799 3453 886 3535 quasi
911 3448 1065 3532 couneus,
1095 3453 1239 3535 eoquod
1268 3454 1299 3517 in

196 3581 289 3626 unum
312 3581 420 3626 omnes
444 3570 624 3646 coguntur‘t
662 3564 800 3627 ceterum
815 3581 870 3645 per
882 3580 917 3628 se
938 3564 1013 3625 satis
1036 3563 1230 3626 manifestum
1254 3570 1300 3628 est

196 3673 276 3736 hanc
301 3674 446 3736 Notitiam
469 3674 565 3737 Cunei
586 3672 739 3736 vocabulo
769 3673 808 3736 ad
835 3672 977 3754 Equitum
1000 3679 1116 3736 centurn
1139 3689 1300 3737 numerum

198 3781 423 3863 designandum
452 3783 514 3860 uti,
551 3784 601 3863 qui
632 3789 761 3864 quantus
794 3784 905 3863 suerit,
934 3783 1054 3846 deliniri
1083 3799 1145 3844 non
1178 3789 1300 3862 potcst3

198 3889 375 3954 Pancirolus
404 3891 544 3973 singulos
570 3892 692 3956 Cuneos
716 3890 856 3980 similiter
888 3900 977 3975 atque
999 3893 1073 3956 Aias
1100 3910 1218 3973 cosque
1242 3910 1301 3955 nu-

198 4017 301 4064 meros
326 4000 376 4080 qui
398 4000 576 4082 simpliciter
598 4004 723 4084 Equites
746 4002 885 4084 apposito
909 3988 1081 4068 armaturae
1104 4002 1172 4066 sive
1196 4001 1301 4066 natio-

119 4170 125 4180 ,
198 4111 247 4173 nis
279 4108 431 4172 vocabulo
462 4118 532 4171 sunt
558 4111 731 4194 designati,
753 4128 809 4194 pro
835 4113 972 4185 centenis
995 4112 1148 4195 equitibus
1170 4128 1301 4194 compu-

203 4219 287 4297 tavit,
312 4219 343 4281 in
364 4237 422 4300 qua
443 4238 478 4285 re
498 4227 582 4286 certe
604 4242 653 4287 nro
678 4222 920 4286 consentientem
942 4241 1004 4286 non
1027 4223 1161 4288 habebit.
1183 4260 1225 4271 -
1254 4222 1300 4286 De

200 4329 348 4394 Scutariis
373 4329 445 4392 vide
467 4349 496 4412 p.
508 4331 596 4395 969&
614 4350 660 4414 sq.
675 4332 712 4395 ad
730 4352 757 4414 p.
772 4332 839 4396 31*.
852 4333 880 4408 i.
895 4333 945 4396 at.
969 4371 1009 4382 -
1038 4332 1186 4396 Comacit
1216 4333 1301 4411 (sive

126 4484 1338 4587 ηαυπτ-κώπῃ
