2918 4914
176 450 179 455 .
240 354 1347 448 1066*error.nononoccexaxnamraomrvmuunsaramma

176 648 178 653 ,
238 585 465 658 memorantur,
488 583 610 659 utpote
636 595 764 659 quorum
790 577 932 640 condicio
957 576 1045 658 peior
1075 575 1130 637 luit
1156 592 1247 655 quam
1269 573 1342 636 illo-

175 712 179 781 ᾗ
238 707 316 766 rum,
340 689 473 769 quinon
497 708 536 752 ex
560 688 734 766 deditione,
757 688 812 750 sed
844 708 883 753 ex
912 688 1040 750 loedere
1071 704 1156 749 suam
1186 686 1341 768 originem

155 802 179 883 ,ξ
239 797 411 875 habebant3
435 817 535 879 neque
552 816 626 861 vero
651 798 736 861 laetos
760 798 937 861 foederatos
959 798 1043 878 ipsos
1061 795 1211 859 dicendos
1232 795 1344 859 esse⁶⁹

176 954 179 977 2
240 914 330 972 antea
354 908 545 972 monuimus:
577 909 710 990 ipsorum
742 907 976 988 provincialium
1001 908 1206 970 Romanorum
1237 909 1343 987 partes

176 1003 178 1009 ¹
240 1035 295 1081 eos
316 1018 418 1081 laetos
441 1037 511 1080 esse
535 1035 598 1080 non
623 1025 671 1079 est
694 1018 776 1099 quod
793 1018 975 1094 dubitemus,
999 1017 1065 1080 sivo
1088 1014 1190 1097 populi
1210 1016 1259 1077 sui
1282 1031 1343 1076 no-

242 1145 313 1189 rnen
337 1127 522 1205 retinerent,
547 1128 614 1189 sive
638 1128 703 1189 eius
725 1127 875 1205 civitatis,
900 1127 931 1188 in
957 1126 1042 1189 cuius
1064 1125 1221 1188 territorio
1247 1123 1346 1187 sede·

240 1236 323 1314 bant,
348 1236 529 1299 vocabulum
553 1237 740 1316 acciperent.
772 1237 924 1317 possimus
949 1237 987 1298 de
1008 1235 1097 1298 Laetis
1121 1235 1158 1298 iis
1178 1234 1285 1297 verbis
1300 1233 1344 1295 uti

243 1347 352 1427 quibus
375 1346 881 1427 Sidon.Apollin.epist.V.19.de
902 1345 1026 1409 homine
1048 1344 1191 1427 originali
1217 1344 1347 1424 inquili-
1402 1354 1404 1407 ὲ

241 1461 314 1517 natu
337 1454 488 1518 solvendo
511 1474 584 1517 usus
607 1461 672 1533 est,
696 1472 751 1518 eos
777 1455 946 1535 ,plebeiam
970 1456 1070 1536 potius
1092 1455 1208 1517 habere
1232 1470 1347 1534 perso-

241 1584 311 1629 nam
336 1584 425 1646 quam
446 1565 653 1629 colonarianr“
674 1565 826 1645 coepisse,
848 1572 880 1627 ut
905 1564 991 1646 quasi
1014 1567 1045 1627 in
1068 1565 1169 1628 medio
1187 1564 1269 1628 intcr
1287 1564 1348 1645 ,ti-

180 1748 182 1759 .
242 1676 443 1739 mitaneorurn
461 1676 588 1739 militurn
601 1695 637 1738 ac
657 1676 884 1738 foederatarum
908 1675 1062 1759 gentium“
1077 1680 1104 1719 ⁷⁰
1126 1675 1346 1738 condicionem
1401 1666 1404 1675 '

242 1786 408 1849 stetissent.
455 1785 613 1849 Connubia
636 1785 823 1847 interlectos
846 1785 991 1866 civesque
1007 1787 1163 1849 Romanos
1188 1791 1275 1848 certe
1295 1785 1348 1846 in·
1399 1762 1402 1815 ἶ

183 1885 187 2033 ι
245 1897 426 1977 frequentia,
451 1903 550 1960 tamen
573 1914 635 1957 non
658 1897 756 1980 inagis
780 1897 872 1958 vetita
896 1896 1001 1974 luisse,
1019 1913 1106 1976 quam
1132 1896 1211 1957 inter
1234 1896 1293 1958 hos
1316 1900 1347 1958 et
1402 1934 1404 1983 Ι

183 2038 188 2129 ι
247 2013 368 2070 ceteros
390 2006 609 2088 provinciales,
633 2025 723 2069 nemo
744 2013 816 2087 puto
840 2013 998 2088 negasset,
1023 2007 1094 2085 nisi,
1116 2006 1247 2068 maxime
1269 2023 1349 2086 pro·

184 2135 188 2186 ι
244 2121 311 2197 pter
332 2115 505 2199 neglectam
536 2117 615 2178 inter
640 2115 776 2179 Gentiles
811 2122 840 2178 et
863 2118 961 2179 Laetos
985 2115 1211 2194 differentiam,
1241 2114 1346 2199 legem
1404 2154 1406 2159 -

183 2204 188 2359 Ι
246 2226 410 2290 un.Th.C.
425 2227 463 2290 de
486 2227 599 2307 nuptiis
623 2227 782 2309 gentilium
806 2227 933 2304 lll.14.,
957 2226 1006 2289 cui
1028 2225 1228 2307 explicandae
1253 2224 1347 2303 inira,
1405 2230 1408 2251 ⁵

184 2378 189 2455 Ι
245 2336 296 2398 ubi
318 2337 356 2399 dc
379 2336 549 2400 Gentilibus
573 2336 729 2415 dicemus,
757 2355 880 2417 operam
905 2336 1063 2414 dabimm,
1092 2335 1286 2399 festinantius
1317 2339 1349 2395 et
1406 2328 1408 2385 Ι

185 2461 188 2473 ·
247 2446 284 2510 ad
314 2445 400 2508 laetos
430 2446 594 2510 traxissent
613 2450 649 2506 ⁷¹.
693 2462 793 2526 neque
823 2463 949 2525 prorsus
979 2444 1158 2527 negaverim
1182 2442 1350 2525 Lirnpenoc
1406 2486 1408 2497 .

467 2608 540 2616 -ι--η

247 2686 329 2750 navit,
350 2687 371 2735 si
394 2692 465 2736 aetas
484 2686 595 2752 puerilis
616 2695 660 2738 aut
684 2687 809 2739 iuvenilis
834 2691 970 2755 permisit;
994 2690 1073 2758 siqui
1099 2697 1186 2739 tamen
1212 2688 1284 2756 regii
1305 2692 1351 2738 aut
1408 2734 1410 2741 ,

245 2781 391 2834 nobiliores
410 2782 517 2844 luerint,
539 2799 584 2834 eos
607 2784 727 2850 militiae,
746 2801 798 2835 non
817 2793 903 2838 tamen
925 2802 1045 2855 magnae,
1065 2785 1216 2852 deputavit‘<

351 2880 387 2946 ⁶⁹)
408 2878 483 2941 Quod
503 2879 588 2930 voluit
607 2879 708 2948 Zumpt.
716 2897 740 2947 p.
754 2882 797 2934 60.
812 2882 865 2946 „Es
884 2885 916 2933 ist
936 2900 987 2933 nur
1008 2882 1132 2946 ueneror,
1153 2882 1268 2932 desasto
1289 2880 1351 2931 loe-

249 2975 332 3027 derati
357 2992 464 3042 acerem
491 2977 558 3027 deno
583 2984 672 3028 waren
697 2980 733 3028 sic
759 2978 835 3046 rolliy
860 2981 888 3029 in
913 2980 959 3030 dor
979 2980 1062 3031 Reclrt
1085 2980 1227 3030 romiscler
1245 2981 1355 3047 Batrper
1404 2992 1413 3059 tl

247 3074 461 3142 ailerpepoapan,
483 3091 511 3125 ro
529 3075 637 3126 worden
654 3076 691 3126 sic
711 3076 783 3126 nictit
801 3085 861 3128 stcts
878 3077 918 3127 ala
937 3076 1226 3145 alpesoarlertescorpa
1238 3077 1294 3126 und
1311 3076 1353 3128 cte

249 3170 412 3239 Fremclliape
433 3170 563 3244 (barbari)
584 3172 730 3224 lereielael
748 3175 880 3228 werden“.
1049 3179 1083 3241 ²⁰)
1104 3173 1161 3226 vid.
1175 3173 1351 3226 lion'lheod.
1406 3196 1409 3203 ·

247 3269 353 3321 uotll.
366 3270 410 3319 cit.
421 3269 448 3330 ὃ.
459 3269 484 3320 3.
608 3274 641 3337 ⁷¹)
661 3269 753 3337 Neque
772 3272 931 3322 sententiam
952 3286 1029 3336 supra
1049 3270 1082 3322 de
1102 3270 1219 3321 laetorum
1240 3271 1266 3320 in
1287 3286 1353 3336 pro·
1412 3318 1415 3351 ,

249 3365 490 3417 vineiasllomauas
510 3373 676 3432 receptorum
696 3373 742 3417 aut
761 3368 798 3418 ibi
818 3375 938 3418 natorum
956 3367 1095 3419 sinceliae
1116 3374 1262 3418 creatorum
1283 3382 1353 3418 con.

248 3463 329 3513 nubio
355 3461 415 3514 ideo
445 3462 653 3530 derelinquenda
681 3480 740 3516 esee
760 3465 878 3530 reicietur,
903 3465 972 3533 quod
993 3465 1062 3531 apud
1086 3466 1158 3532 ipsos
1179 3464 1353 3516 Germanicos
1414 3470 1416 3535 j

249 3558 360 3626 populos
382 3561 452 3610 inter
470 3561 601 3628 ingenuos
623 3559 745 3628 lotosque
766 3562 924 3613 connubium
944 3576 997 3612 non
1016 3562 1075 3612 luit.
1120 3561 1157 3613 lta
1178 3578 1199 3612 e.
1212 3577 1249 3630 gr.
1263 3562 1352 3612 Waltz
1408 3546 1417 3639 ,ᾗ

249 3656 408 3723 1.ο.ρ,106.
423 3655 554 3721 „eleliclrc
574 3656 756 3726 Verbinrlnn9“
785 3661 883 3727 inquit,
910 3659 1050 3725 ,cwisclren
1079 3660 1171 3710 freiero
1194 3658 1248 3709 aad
1269 3661 1353 3711 Leton
1415 3694 1417 3721 ,

248 3755 376 3818 monfort
396 3754 468 3804 nictit
490 3754 592 3804 aninder
610 3753 649 3805 als
668 3756 709 3806 dic
732 3756 859 3808 ewisclren
880 3757 973 3807 Freien
994 3756 1047 3806 und
1066 3755 1179 3806 Sltlcccn
1198 3760 1351 3823 serpent...
1408 3778 1417 3841 ,·

256 3848 343 3916 Waple
362 3851 404 3900 ein
418 3851 494 3902 Letoa
514 3852 571 3901 eine
590 3853 658 3917 [reio
673 3855 748 3904 Frau
763 3871 794 3903 zu
812 3854 920 3913 reuben,
939 3869 966 3903 so
988 3839 1071 3903 baterio
1090 3870 1119 3904 cr
1131 3855 1175 3904 mit
1193 3852 1249 3903 dem
1263 3853 1354 3905 leben
1415 3818 1418 3903 l

250 3946 306 4014 (13,
320 3947 363 4016 i);
384 3946 424 3996 dic
442 3946 607 4015 Verbinclunq
627 3948 674 3998 cler
692 3951 790 4000 Freicn
807 3952 852 3999 neit
873 3951 956 4000 tinem
978 3951 1077 4000 Monac
1101 3948 1208 4000 solo-len
1226 3948 1354 3999 alodem
1414 4000 1418 4015 ,

251 4042 363 4095 stando:
386 4043 486 4094 relicint
512 4045 579 4096 ancli
605 4045 701 4097 l'ertoat
726 4047 772 4097 der
791 4046 908 4098 &etheit
931 4048 977 4097 mit
1001 4047 1057 4098 siclt
1084 4046 1189 4115 postillae
1210 4061 1243 4095 w
1266 4045 1354 4097 habero
1414 4052 1418 4109 ῑ

252 4140 363 4212 (13,8);
384 4140 500 4209 dapepen
521 4144 587 4194 acird
606 4144 646 4193 <lie
660 4143 719 4195 Ehe
739 4143 782 4194 der
797 4146 894 4195 Freien
912 4146 957 4194 mit
972 4143 1093 4196 ὀπίσω
1110 4146 1145 4194 ian
1162 4143 1354 4195 atterentur·
1415 4138 1417 4201 j

250 4236 323 4289 nicln
335 4237 461 4300 creetur,
479 4239 508 4288 in
526 4239 608 4289 ciuem
619 4227 739 4307 spelter'ea
752 4256 803 4297 nur
818 4242 863 4291 neit
881 4242 954 4292 einer
964 4241 1041 4292 Basse
1060 4240 1149 4310 leleyt,
1168 4257 1244 4291 wenc
1255 4257 1281 4293 oa
1294 4243 1354 4295 eiu
1414 4210 1418 4307 Ξ

250 4334 361 4390 Frcmdc
380 4336 413 4387 iat
431 4336 487 4406 (13,
500 4336 572 4406 10)“.
