2918 4914
493 390 560 479 aar.
583 390 708 441 xrvrrr.
735 393 775 440 aa
794 368 961 444 meost
1190 375 1281 448 595*

175 590 343 673 Sequanici
364 591 562 690 5Tractustpue
593 568 792 655 armoricani
821 610 858 655 ac
885 594 1061 660 Nervicani.
1112 595 1174 661 Sed
1204 615 1283 683 quae
1402 577 1405 581 ⁵

164 699 353 766 *Pancirolus
377 702 409 764 in
438 702 659 767 commentario
681 701 720 766 ad
743 702 773 765 lr.
792 722 819 766 c.
839 703 984 786 protulit,
1007 705 1068 768 nisi
1091 706 1172 770 hunc
1194 710 1282 790 sequi

171 812 275 877 adbuc
288 811 373 874 soliti
392 818 506 892 essent,
528 813 671 895 equidem
686 829 750 875 non
772 819 955 894 repeterem.
986 821 1057 878 suot
1071 822 1172 879 autem
1186 817 1281 882 baec:

171 922 436 1005 „Argentoratum
459 922 568 987 civitas
593 928 641 987 est
662 923 695 984 in
719 922 882 987 Germania
910 923 1028 1005 Prima,
1045 973 1052 987 .
1067 973 1076 988 .
1090 973 1097 987 .
1111 943 1194 990 nunc
1216 926 1282 990 Ar-

168 1031 300 1115 gentina
324 1030 417 1094 dicta.
467 1031 680 1112 Marcellinus,
707 1033 784 1096 Aur.
803 1033 910 1097 Victor
934 1051 1003 1097 cum
1024 1034 1117 1098 Paulo
1138 1035 1280 1100 Diacono

168 1141 393 1226 &gamariam
421 1149 535 1205 vocant
557 1142 683 1221 [immo,
707 1144 915 1227 Argentaria,
945 1147 1157 1209 Rauracorum
1178 1146 1279 1226 ricus,

170 1257 221 1316 est
240 1251 317 1314 laod.
332 1250 488 1314 Artabeim
503 1271 529 1315 s.
546 1252 757 1333 Artacabes'm,
778 1254 845 1318 lere
875 1255 994 1319 medius
1019 1256 1101 1318 inter
1122 1256 1281 1339 Argenta-

170 1368 272 1427 ratum
295 1381 333 1427 ac
355 1360 528 1440 basileam3
560 1364 615 1426 set
641 1383 689 1445 ap.
708 1365 822 1449 Geogr.
837 1367 912 1453 Rau.
927 1367 976 1430 Ν.
990 1365 1041 1429 ao.
1064 1367 1179 1449 legitur
1200 1367 1281 1448 ,Ar-

170 1474 327 1558 gentaria,
350 1490 429 1554 qtrae
446 1473 538 1537 motio
562 1474 772 1558 Stratisburgo
796 1475 951 1556 dicitur“].
994 1476 1094 1539 Habet
1117 1477 1280 1542 Germania

170 1585 271 1648 Prima
284 1583 474 1666 birgantiunr
493 1585 685 1665 metropolim
706 1592 736 1648 ει
751 1587 1001 1668 Argentoratum,
1020 1578 1135 1667 ¹quibus
1157 1593 1280 1668 praeter

171 1694 290 1758 Ducem
314 1694 497 1775 provinciae
518 1699 599 1775 [cap.
613 1695 699 1775 blo]
717 1695 805 1759 datus
827 1703 875 1759 est
895 1695 967 1759 baio
991 1696 1124 1775 Comes,
1147 1697 1190 1760 illi
1211 1697 1281 1761 Dux

173 1803 404 1884 [c.XXXlX.],
428 1811 461 1866 ut
489 1804 591 1884 plures
620 1806 806 1869 irruentibus
836 1807 866 1867 in
893 1825 1000 1890 agrum
1028 1808 1116 1870 Rom.
1139 1807 1280 1871 hostibus

175 1892 243 1978 cunr
258 1915 328 1978 suis
352 1915 450 1995 copiis
473 1922 683 1979 occurrerent.
726 1916 806 1978 Huic
827 1916 922 1997 igitur
943 1917 1011 1978 urbi
1030 1923 1060 1978 et
1081 1917 1147 1978 eius
1169 1919 1280 1981 tractui

176 2024 316 2106 proprius
337 2023 449 2087 Carnes
470 2042 539 2086 cum
564 2042 655 2087 manu
675 2023 801 2087 militum
827 2032 981 2106 praeerat,
1002 2027 1279 2106 argentoratensis

176 2139 375 2217 nuncupatus.
418 2133 499 2199 Nulli
518 2135 575 2197 sub
599 2152 636 2197 eo
660 2136 780 2196 numeri
802 2141 1020 2198 recensentur:
1046 2135 1102 2198 sod
1123 2136 1279 2216 legionem

180 2242 267 2323 llll,
288 2245 457 2323 Sebastam,
475 2246 494 2306 i.
509 2264 536 2308 e.
550 2246 719 2327 Augustam
732 2244 925 2307 Ptolomaeus
945 2245 996 2307 bic
1011 2245 1186 2324 collocati,
1211 2246 1279 2322 [sed

183 2354 345 2419 secundum
367 2354 447 2417 banc
468 2355 613 2418 Notitiam
636 2355 786 2418 Octaueni
814 2356 913 2435 ,intra
942 2353 1078 2418 ltaliam“
1103 2360 1207 2433 erant;
1238 2356 1278 2419 cl.

178 2463 280 2547 pso.
294 2483 324 2527 v.
335 2464 379 2542 3.]
401 2482 479 2546 quae
505 2465 662 2528 minimum
686 2465 824 2528 continet
849 2465 930 2529 1000
951 2465 1082 2546 pedites.
1133 2464 1207 2532 Eius
1227 2465 1280 2528 iu-

175 2574 276 2658 signia
297 2581 368 2640 sunt
391 2574 472 2638 liber
494 2575 604 2639 eodem
637 2576 730 2639 modo
761 2575 856 2639 dorso
879 2576 1044 2657 inscriptus
1077 2582 1108 2639 et
1130 2575 1278 2656 codicilli,

174 2693 206 2750 ut
225 2686 259 2749 ia
285 2684 355 2749 aliis
379 2685 546 2749 comitibus
572 2691 618 2749 est
642 2686 765 2750 dictum.
810 2687 1010 2752 Munitionem
1033 2686 1198 2770 magnifice
1222 2706 1280 2751 ex-

177 2801 306 2859 tructam
333 2794 426 2858 babet
452 2794 522 2871 [sed
547 2795 666 2879 efligies
690 2797 721 2858 in
744 2803 793 2857 tra
816 2795 952 2859 exhibita
975 2797 1004 2859 ei
1033 2814 1112 2877 quae
1139 2798 1170 2859 in
1202 2812 1278 2859 mss.

121 2934 135 2946 ·
175 2905 375 2989 conspicitur,
398 2905 451 2968 vix
474 2905 606 2968 similior
623 2912 669 2968 est
692 2923 782 2987 quam
801 2909 890 2988 typus
913 2905 1068 2970 eeclesiae
1090 2906 1277 2975 cathedralis

173 3014 474 3100 Asgentoratensis],
498 3033 590 3096 supra
613 3016 759 3095 scriptum
782 3021 829 3079 est
849 3000 1198 3081 laesuroarrsssrss..
1242 3021 1279 3083 ln

174 3143 233 3208 quo
256 3113 536 3207 erant‘Vaugiones
558 3131 588 3188 et
610 3125 731 3188 l'riveri
754 3125 921 3189 secundum
943 3127 1080 3191 Rhenum
1102 3128 1153 3190 siti
1166 3131 1220 3190 ii.
1245 3130 1279 3194 ln
1373 3142 1387 3194 Ἀ

244 3370 276 3440 “)
287 3368 398 3422 l'tolem.
409 3368 441 3428 ll.
451 3371 469 3421 8
479 3371 534 3441 (9).
547 3370 738 3441 Οὐαγγιόνων
748 3371 778 3424 δὲ
788 3371 846 3441 [sed
859 3371 894 3423 cl.
905 3385 961 3440 seq.
971 3375 1040 3441 noa]
1053 3374 1279 3445 Βορβηιόμαγος,

171 3467 392 3542 :repensamus
406 3471 507 3540 λεγιων
528 3466 687 3537 turpasset.
714 3468 779 3520 item
798 3469 848 3521 llio
860 3468 932 3521 Cass.
943 3468 997 3520 itt.
1008 3469 1052 3522 23.
1069 3471 1104 3522 Oi
1121 3469 1151 3523 δὲ
1170 3469 1279 3542 lyricos,

173 3567 385 3640 Λῦγοὺστειοι,
421 3568 451 3622 ἐν
481 3570 511 3640 τῇ
538 3569 681 3637 Γερμανίᾳ
708 3567 739 3638 τῇ
764 3566 824 3620 ἅνω
853 3566 937 3628 ὄντες.
981 3566 1021 3618 Cf.
1040 3566 1171 3637 Borghesi
1189 3568 1278 3630 Isaris.

134 3694 141 3702 ·
174 3665 253 3717 Rom.
268 3664 347 3730 pit.
360 3678 400 3732 sq,
412 3677 438 3714 e·
449 3677 500 3732 quo
518 3661 585 3713 haec
600 3661 685 3713 addo:
705 3662 759 3727 „bs
776 3661 903 3743 medaplie
922 3664 947 3714 ci
965 3663 1050 3734 [stella
1071 3664 1215 3718 Germania
1232 3685 1278 3720 ss.

174 3763 293 3833 periore]
314 3768 442 3813 attestano
460 3760 486 3811 la
505 3775 554 3812 san
574 3760 701 3811 existento
719 3760 803 3810 oncle
821 3760 850 3810 oi
869 3761 945 3828 tempi
963 3760 991 3812 dt
1010 3760 1129 3813 Gallieno
1149 3780 1163 3814 e
1185 3763 1279 3817 ‹lica-

178 3863 276 3925 sauia,
295 3868 361 3911 sotto
380 3859 400 3911 ἐι
419 3858 480 3926 qual
497 3859 586 3910 altimo
604 3859 705 3910 sembra
724 3859 771 3911 ebe
791 3875 878 3910 coesse
897 3867 1002 3911 assunto
1021 3877 1058 3912 uss
1076 3877 1160 3913 muoso
1179 3879 1278 3932 cogno.

140 3980 144 3985 ·
178 3973 230 4022 sse,
249 3957 296 4009 cte
311 3972 360 4025 per
383 3955 411 4005 la
426 3971 496 4024 poca
514 3957 714 4007 conservacione
732 3956 774 4007 dci
797 3957 965 4007 nummisma
986 3957 1009 4008 εἰ
1032 3959 1046 4008 ὲ
1066 3972 1168 4010 ancora
1189 3968 1278 4029 potato

177 4052 351 4107 &taminare
373 4050 435 4120 psal
457 4052 542 4124 rossel,
566 4069 581 4103 e
606 4052 634 4103 la
655 4053 759 4105 Notizio
780 4053 914 4121 c'insepna
931 4052 979 4104 obe
1003 4053 1033 4104 iss
1054 4054 1152 4123 sepulto
1175 4056 1205 4122 [a
1223 4072 1279 4109 una

177 4148 242 4203 detta
263 4148 362 4219 legioni
379 4145 500 4200 Palatina
516 4155 589 4219 posta
610 4147 660 4200 snb
680 4148 854 4216 dispositione
873 4149 994 4220 magistri
1012 4149 1124 4203 militam
1147 4165 1277 4220 praesen.

176 4246 235 4300 talis
258 4244 317 4300 ‹tatt
335 4243 500 4299 oostensa«

246 4343 292 4418 ”J
314 4342 481 4400 Ptolemaeos
490 4341 887 4416 Amestratumuargtontbm
905 4344 1057 4401 attribuisse
1073 4343 1180 4416 quidem
1198 4341 1277 4398 vitta
