2918 4914
93 252 1297 300 am»

93 322 99 381 ἰ
451 414 608 464 uremur.
637 415 677 462 rr>
700 415 768 461 aaa.
783 395 860 464 80*.
874 407 903 481 p.
918 398 953 464 2.
1158 398 1248 468 553*
1364 463 1366 466 a

153 631 248 689 μενος
271 611 307 672 dd
336 606 374 674 τοὶ
400 611 563 691 πανταχοῦ
580 607 752 689 Ῥωμαίοις
784 607 908 691 ὑπήκοα
927 614 1139 694 βαρβαρικαῖς
1169 608 1248 697 ἑφό.

151 717 218 792 darc
250 715 484 801 α’πειλημμένα,
515 720 570 779 κατ’
597 715 767 802 Φραγκους
798 719 858 795 μὲν
887 717 942 780 καί
961 717 1162 797 vituperale
1196 722 1251 784 κατ’

149 821 292 903 Σᾶξονας
322 819 383 910 ἤδη
407 827 642 908 τεσσαράκοντα
665 822 768 901 πόλεις
790 827 985 906 ἐπικειμένας
1013 828 1055 913 τῷ
1070 827 1168 915 Ῥήνιρ
1193 852 1248 889 κα·

149 935 349 1019 τειληφὸτας,
372 933 427 1000 καί
449 933 548 1009 ανίἁς
569 937 628 1016 μὲν
650 934 850 1011 ἀναστάτους
873 933 1091 1020 πεποιηκότας,
1116 932 1192 1010 τούς
1214 938 1249 999 δὲ

147 1037 267 1108 τούτων
299 1039 464 1127 οἰκήτορας
495 1036 627 1124 ἄπειρον
659 1035 751 1119 ὄντας
786 1047 907 1127 πλῆθος
928 1048 1136 1126 ληϊσομὲνσυς
1164 1040 1246 1123 μετὰ

148 1151 289 1216 πλούτου
308 1154 463 1237 λαφύρων
484 1151 717 1237 α’ναριθμήτου,
744 1153 912 1227 Κουάδους
933 1154 968 1216 δὲ
994 1151 1050 1215 κατ’
1072 1145 1248 1235 Σαυρομα-

148 1284 205 1337 τας
227 1262 282 1327 tut
303 1265 419 1344 πολλῆς
441 1261 552 1337 ἀδείας
566 1266 724 1327 Παιονίαν
745 1266 992 1344 κατατρέχοντας
1014 1262 1069 1327 καί
1085 1260 1141 1345 τὴν
1162 1262 1246 1326 α’να.

148 1371 231 1453 τέραα
257 1373 408 1455 Muciae,
439 1375 572 1455 Πέρσας
604 1375 640 1435 δὲ
671 1374 728 1436 τοῦ
758 1369 816 1451 τήν
847 1366 928 1457 ἑῴαν
959 1378 1166 1453 παρενοχλεῖν
1189 1370 1247 1434 οιῖκ

147 1480 387 1565 ἀφισταμένους
397 1505 424 1543 κ.
431 1506 457 1544 τ.
466 1487 492 1545 t.
530 1482 680 1545 Ammian.
693 1482 815 1546 XXVll.
828 1482 859 1560 8,
875 1484 902 1544 1.
917 1481 955 1545 ud
972 1500 1000 1543 a.
1016 1481 1106 1546 368.:
1121 1481 1246 1560 „nuntio

145 1590 322 1672 percellitur
343 1592 451 1675 gravi,
481 1593 532 1673 qui
554 1589 726 1655 Britannias
759 1591 913 1654 indicabat
933 1591 1097 1654 barbarica
1120 1592 1247 1673 conspi-

147 1702 268 1766 ratione
287 1701 327 1764 ad
350 1700 484 1765 ultimam
509 1707 635 1765 vexatas
655 1701 799 1782 inopiam,
820 1701 1075 1782 Nectaridumque
1098 1700 1246 1764 Comitem

137 1810 289 1875 'mantimi
311 1811 439 1875 Tractus
460 1810 596 1874 occisum
618 1816 648 1874 et
668 1810 877 1874 Fullofauden
898 1810 1015 1874 Ducem
1036 1810 1169 1874 bostium
1196 1811 1247 1872 in-

145 1920 235 1985 auris
264 1900 533 1985 citramarinas.
585 1919 1142 2002 ibid.§.5.„111udtamensufficiet
1172 1920 1244 2000 σο,

148 2031 293 2112 prodeo
316 2037 453 2113 tempore
475 2031 550 2094 l'icti
573 2031 605 2093 in
628 2031 705 2093 duas
726 2037 834 2113 gentes
857 2030 967 2109 divisi,
993 2029 1192 2094 Dicalidonas
1213 2037 1244 2093 et

147 2139 367 2221 vectanones,
390 2139 556 2221 itidemque
578 2140 713 2203 Atacotti
739 2139 889 2202 bellicosa
911 2140 1066 2202 hominum
1087 2130 1191 2216 natio,
1215 2145 1246 2202 et

152 2248 249 2313 Scotti
271 2268 325 2332 per
348 2251 472 2315 diversa
495 2255 645 2332 vagantes
674 2249 766 2312 malta
791 2248 1021 2329 populabantur.
1068 2247 1242 2312 Gallicanas

152 2376 229 2423 vero
248 2365 358 2424 matus
379 2361 489 2423 Franci
511 2366 541 2422 et
563 2361 701 2424 Saxones
724 2359 834 2422 iisdem
857 2359 1012 2438 confines,
1035 2375 1094 2439 quo
1116 2359 1244 2440 quisque

149 2484 309 2552 erumpere
329 2472 426 2552 potuit
446 2476 529 2534 terra
550 2469 599 2532 rel
625 2470 713 2547 mari,
737 2469 860 2551 praedis
881 2469 1002 2532 acerbis
1031 2467 1244 2550 incendiisque

146 2583 178 2642 et
199 2580 389 2661 captivorum
414 2580 572 2644 funeribus
594 2579 750 2642 bominum
772 2579 956 2642 violabant“.
1002 2578 1242 2657 xxv111.e,1a.

143 2733 197 2769 ς..
219 2706 317 2771 ‚prae
344 2689 457 2753 ceteris
480 2689 617 2752 hostibus
638 2689 778 2752 Saxones
799 2688 942 2751 limentur
963 2693 995 2749 ul
1024 2688 1198 2768 repentini.
1215 2695 1243 2750 .“

143 2796 218 2860 ibid.
230 2799 262 2878 5,
276 2799 358 2863 1...7.
375 2816 402 2861 a.
416 2797 626 2878 370..„Erapu
647 2798 796 2880 Augustis
819 2803 865 2860 ter
888 2814 968 2860 coss.
986 2796 1140 2860 Saxonum
1162 2797 1243 2859 mul-

143 2908 259 2985 titudo,
283 2915 314 2972 et
336 2908 446 2971 oceani
474 2907 700 2971 difficultatibus
724 2908 888 2988 permeatis
920 2908 1088 2970 Romanum
1117 2907 1241 2971 limitem

142 3016 243 3099 gradu
264 3014 387 3098 petebat
408 3018 534 3095 intento,
557 3035 651 3098 saepe
673 3022 850 3080 nostrorum
865 3015 1024 3079 funeribus
1038 3022 1134 3098 pasta.
1156 3017 1241 3080 cuius

142 3127 312 3208 eruptionis
336 3127 454 3208 primae
484 3108 649 3208 procellam
672 3126 835 3189 Nannenus
863 3126 1005 3189 sustinuit
1033 3128 1161 3205 Comes,
1186 3145 1242 3190 re-

143 3235 288 3318 gionibus
307 3237 418 3299 iisdem
435 3236 603 3317 adpositus,
629 3234 690 3297 dux
707 3235 849 3298 diuturno
866 3234 1016 3299 bellorum
1030 3235 1136 3298 labore
1153 3253 1241 3298 com-

142 3351 248 3426 pertus
258 3391 356 3409 .....
375 3346 504 3413 Romani
527 3345 648 3408 clausos
671 3344 777 3408 hostes
799 3345 918 3407 eductis
938 3344 1051 3426 gladiis
1073 3344 1241 3407 obtrunca·
1278 3429 1282 3437 1

141 3453 231 3533 bant;
253 3473 310 3519 nec
333 3456 490 3538 quisquam
512 3472 619 3519 eorum
641 3454 792 3537 genitales
808 3453 947 3517 revisere
968 3453 1065 3533 potuit
1085 3452 1177 3532 lares,
1201 3470 1241 3516 ne

140 3582 204 3628 uno
227 3565 348 3646 quidem
372 3565 518 3629 caedibus
542 3564 807 3644 concorporalium
826 3581 989 3643 superesse
1008 3562 1160 3643 permisso
1174 3569 1238 3626 ...⁴⁴

140 3674 237 3740 XXX.
250 3675 281 3754 7,
292 3675 323 3740 8.
332 3673 361 3738 9.
377 3675 477 3755 „later
496 3675 574 3738 haec
594 3679 694 3737 tamen
718 3679 806 3735 cauto
828 3679 916 3757 gesta
938 3674 997 3735 iam
1017 3690 1187 3737 conversos
1200 3673 1240 3736 ad

140 3783 335 3849 metuendam
354 3782 470 3848 rabiem
481 3784 632 3861 Saxones,
655 3801 777 3864 semper
790 3781 926 3864 quolibet
940 3782 1131 3866 inexplorato
1144 3800 1240 3847 ruen-

139 3898 197 3959 tes'
220 3893 400 3974 delatosque
431 3899 503 3957 tunc
531 3895 571 3957 ad
600 3900 762 3958 terrestres
796 3900 936 3974 tractus,
972 3911 1099 3975 quorum
1132 3894 1239 3976 spoliis

139 4020 240 4086 paene
262 4004 422 4068 redierant
441 4003 629 4086 locupletes,
652 4003 792 4068 malefido
823 4003 946 4084 quidem
973 4003 1030 4067 sed
1058 4003 1124 4066 utili
1147 4022 1236 4067 cora-

139 4121 242 4179 meuto
266 4115 405 4195 peremit,
428 4093 542 4195 praeda
564 4114 737 4196 raptoribus
754 4115 784 4176 vi
808 4113 913 4177 tractis
928 4131 1068 4178 excussa.
1113 4113 1240 4176 ltidem-

138 4241 199 4306 que
220 4223 402 4305 Britannos,
428 4230 568 4289 catervas
591 4225 822 4306 superfusorum
844 4224 977 4289 bostium
1000 4241 1061 4286 non
1091 4223 1237 4300 serentes,

139 4350 195 4415 spe
215 4333 376 4399 meliorum
397 4335 554 4418 adsumpta
577 4335 608 4397 in
631 4334 803 4399 libertatem
822 4341 855 4399 et
876 4335 1008 4416 quietem
1024 4332 1156 4397 restituit
1169 4329 1238 4412 pla-

93 4541 1286 4589 W&
