2918 4914
280 216 1442 261 qm..-

333 342 423 417 536*
447 363 564 415 aanor.
581 363 623 413 sn
648 364 725 413 nor.
750 362 822 413 occ.
855 362 1051 413 cararum.
1077 362 1183 412 corre
1208 361 1423 412 runcrrnnmr.

416 566 462 629 De
483 563 618 628 numeris
639 563 712 628 buic
733 563 852 642 couniti,
874 563 930 626 sub
954 562 1154 643 dispositione
1174 582 1205 625 v.
1228 560 1271 624 ill.
1285 562 1424 645 Magistri

330 672 464 738 Peditum
478 673 679 738 Praesentalis
701 673 863 736 constituto
877 681 922 755 (p.
934 672 1001 736 031.
1014 674 1060 749 bi.
1077 676 1104 736 1.
1116 672 1174 753 6.),
1196 678 1320 754 praeter
1342 671 1425 735 limi·

331 790 436 849 taueos
463 783 610 862 subditis,
639 783 659 845 i.
690 802 717 847 e.
750 783 847 846 tribus
877 782 1129 847 vexillationibus
1162 782 1423 862 comitatensibus,

329 894 486 977 Equitibus
507 893 682 978 sagittariis
704 893 874 958 Corduenis
896 913 933 957 ac
953 893 1132 957 Senioribus
1155 899 1185 955 et
1200 892 1346 957 Scutariis
1366 893 1426 975 Se<

329 1004 466 1069 nioribus
487 1005 544 1080 (ci.
560 1023 588 1085 p.
602 1003 671 1067 39&
685 1005 729 1081 1).
746 1005 792 1067 16.
809 1005 868 1084 17.,
886 1021 915 1085 p.
931 1002 999 1067 40⁴.
1012 1005 1058 1080 bl.
1074 1006 1125 1066 00.
1138 1021 1205 1085 sqq.
1229 1021 1296 1065 cum
1318 1009 1423 1067 annot.

329 1112 486 1197 petias),
512 1108 631 1176 duobus
655 1113 785 1177 Auxiliis
806 1114 964 1195 palatinis,
988 1113 1167 1178 Senioribus
1191 1112 1425 1194 tumoribusque

327 1224 441 1288 Mauris
461 1224 649 1288 Tonantibus
671 1224 728 1302 (ci.
748 1224 914 1306 pttitbl.
929 1224 1051 1303 1213,
1071 1241 1099 1304 p.
1114 1223 1237 1299 3601.
1251 1224 1336 1287 0...4.
1355 1240 1425 1286 cum

328 1332 595 1414 suscepstis.)
618 1334 795 1416 duabusque
817 1333 1003 1416 legionibus
1026 1332 1295 1411 comitatensibus,
1319 1333 1425 1413 Septi-

327 1445 426 1508 mania
446 1443 618 1508 iunioribus
638 1449 729 1526 atque
744 1444 1014 1522 Constantinianis,
1041 1461 1117 1526 quos
1132 1449 1238 1507 *mmen
1261 1462 1301 1507 ex
1320 1442 1426 1526 legio-

327 1571 397 1617 num
420 1553 663 1617 comitatensium
685 1571 811 1617 numero
841 1553 937 1617 luisse
959 1552 1010 1616 bic
1035 1552 1115 1617 liber
1137 1571 1201 1616 non
1222 1553 1297 1616 satis
1317 1559 1425 1634 aperte

327 1664 479 1745 expressit
502 1663 558 1741 (ci.
572 1664 638 1727 97⁴.
650 1664 679 1740 i.
691 1664 732 1743 6.,
749 1682 777 1745 p.
789 1663 856 1727 38¹.
870 1664 915 1740 ti.
926 1665 955 1726 5.
966 1661 995 1725 6.
1010 1682 1078 1726 cum
1092 1663 1152 1726 tab.
1164 1664 1423 1746 synopt.p.291*.

327 1782 403 1854 sq),
425 1790 516 1855 supra
538 1773 767 1855 disputavimus.
811 1774 895 1848 onos
922 1791 1067 1837 numeros
1089 1773 1139 1836 bic
1169 1791 1231 1836 uon
1252 1773 1424 1853 recenseri,

327 1860 424 1965 ,quia'
445 1884 561 1965 proprii
596 1884 685 1946 huius
717 1882 842 1946 Comitis
874 1883 984 1946 milites
1018 1901 1081 1946 non
1110 1889 1219 1962 erant,
1252 1883 1307 1947 sed
1335 1885 1424 1965 quasi

330 1993 541 2073 commodam,
571 1993 749 2057 Pancirolus
778 1993 918 2075 opinatus
947 1999 1004 2057 est.
1044 2000 1171 2057 atvero
1194 1993 1364 2075 proprietas
1390 1993 1424 2056 in

328 2103 468 2167 omnibus
493 2103 599 2167 eadem
624 2103 697 2183 luit3
727 2102 872 2167 limitanei
902 2110 1002 2166 autem
1029 2103 1141 2166 milites
1162 2120 1226 2165 non
1253 2102 1423 2165 transiere-

325 2214 436 2278 bantur
456 2233 474 2278 a
495 2213 574 2277 locis
595 2214 660 2277 suis
681 2213 720 2277 ad
747 2213 807 2278 alia
828 2214 913 2294 loca,
936 2214 979 2276 illi
1008 2219 1115 2278 contra
1142 2213 1262 2276 numeri
1284 2228 1424 2275 commu-

326 2325 429 2390 nicato
453 2341 521 2389 cum
543 2324 699 2407 Magistris
710 2325 835 2390 Militiae
858 2329 988 2388 tractatu
1010 2323 1171 2388 transferri
1187 2329 1425 2403 consueverunt,

323 2439 358 2498 ut
378 2454 407 2516 p.
422 2434 510 2499 0001.
533 2434 703 2515 expositum
723 2440 779 2497 est.
822 2435 869 2497 De
889 2452 1017 2497 numero
1040 2435 1165 2498 militum
1186 2434 1294 2498 comiti
1314 2433 1427 2520 Tingi-

323 2544 427 2608 taniao
459 2543 649 2607 subditorum
676 2543 756 2607 banc
789 2544 1056 2608 ratiocinationem
1085 2544 1159 2607 satis
1190 2544 1426 2626 improbabilem

322 2653 482 2737 proposuit
503 2652 696 2716 Pancirolus:
720 2653 834 2733 ,Erant
856 2660 956 2718 autem
979 2653 1057 2717 locis
1079 2654 1235 2735 praesidio
1250 2654 1310 2718 Ala
1333 2656 1427 2736 equi-

321 2770 384 2826 tum
407 2780 484 2842 una,
512 2762 661 2825 cohortes
684 2764 723 2827 Vl
746 2764 851 2842 [immo
875 2763 959 2845 VllJ,
991 2782 1069 2844 quae
1099 2763 1275 2827 efficiebant
1297 2764 1425 2831 circiter

319 2872 404 2938 3000
427 2871 561 2936 Peditum
584 2877 615 2935 et
635 2872 761 2954 Equites
786 2875 875 2938 100‘1.
920 2872 1104 2937 Cohortibus
1126 2873 1297 2938 auxiliariis
1319 2875 1425 2938 maui-

322 3001 401 3047 unam
424 2989 539 3064 partem
565 2962 717 3063 Praefecti
737 2984 935 3064 praefuerunt
957 2983 1015 3061 (ci.
1032 2983 1104 3046 Tac.
1120 2985 1201 3046 Ann.
1217 2984 1282 3048 Xii.
1303 2985 1352 3048 17.
1367 2985 1422 3051 30.

321 3095 397 3159 llist.
412 3092 447 3158 ll.
464 3095 511 3157 15.
526 3092 576 3157 92.
595 3093 645 3158 lll.
658 3093 709 3157 35.
725 3094 773 3157 lv.
786 3094 836 3157 31.
847 3111 892 3174 sq.
915 3093 1022 3176 Agric.
1032 3093 1112 3173 37.)‚
1135 3095 1186 3175 qui
1201 3101 1235 3156 ut
1247 3095 1424 3175 proximum

317 3220 409 3284 supra
429 3203 546 3266 Primos
567 3202 645 3284 pilos
658 3202 826 3285 Legionum
848 3201 977 3285 gradum
1000 3202 1187 3282 obtinebant,
1213 3204 1254 3267 ita
1277 3204 1346 3286 ipsi,
1362 3206 1419 3270 ubi

317 3331 335 3376 a
354 3312 543 3394 principibus
564 3317 818 3393 promoverentur
838 3311 895 3390 (ci.
909 3311 991 3374 Suet.
1010 3312 1077 3376 Oct.
1091 3312 1142 3376 38.
1162 3313 1225 3375 Tib.
1237 3312 1289 3376 41.
1310 3313 1420 3379 Claud.

317 3423 368 3486 25.
390 3430 421 3486 et
439 3430 495 3502 c),
520 3421 643 3485 Tribuni
675 3420 851 3485 cohortium
885 3421 1125 3503 legionariarum
1152 3423 1250 3500 (unde
1273 3442 1320 3503 up.
1343 3425 1419 3490 Tac.

316 3532 428 3596 tribuni
440 3533 606 3614 praelectis
617 3532 765 3613 praeponi
778 3532 887 3610 solent,
903 3551 930 3595 e.
943 3550 990 3614 gr.
1001 3530 1077 3595 illst.
1088 3534 1137 3595 lV.
1147 3532 1198 3596 39.
1210 3534 1260 3597 73.
1272 3534 1322 3598 78.
1332 3541 1362 3599 et
1372 3547 1421 3619 c.)

317 3662 355 3706 ac
376 3642 488 3706 deinde
512 3643 663 3706 Praefecti
694 3642 828 3724 equitum
856 3642 934 3706 Alae
961 3642 1091 3706 alicuius
1123 3642 1334 3708 efficiebantur
1357 3648 1420 3724 (ct.

315 3752 502 3831 snecta).
542 3751 719 3832 Praefectos
742 3758 841 3815 autem
863 3750 1037 3814 Cobortium
1057 3751 1134 3816 haec
1154 3753 1267 3817 Notitia
1289 3754 1419 3838 bigne,

315 3861 376 3926 nisi
399 3863 450 3924 ubi
473 3862 620 3946 Legionis
642 3862 736 3943 ipsius
761 3880 873 3926 nomen
893 3862 1113 3943 praescriptum
1134 3863 1248 3946 legitur
1272 3869 1321 3943 (ut
1344 3866 1418 3930 Not.

316 3971 390 4035 Occ.
402 3990 487 4053 capp.
499 3970 772 4035 XXXl...XXXlll.
786 3971 825 4034 ci.
839 3970 974 4035 xxxiv.
986 3976 1017 4035 et
1027 3972 1096 4035 Not.
1108 3973 1161 4037 0r.
1181 3991 1266 4053 capp.
1276 3973 1418 4041 xxxvl.

315 4082 494 4157 xxxviia,
518 4081 642 4143 omniuo
654 4081 765 4161 nullos,
780 4082 836 4145 sed
848 4079 998 4144 Tribunos
1010 4089 1124 4146 tantum
1139 4088 1292 4148 recenset.
1315 4084 1418 4151 Etiam

279 4186 283 4193 '
317 4192 350 4254 in
370 4190 449 4255 Rulli
473 4207 551 4271 quae
571 4190 713 4254 dicuntur
731 4190 851 4273 legibus
867 4192 1045 4255 militaribus
1062 4212 1127 4273 cap.
1147 4194 1193 4255 11.
1207 4194 1417 4277 [postVeget.

315 4298 503 4366 Scriverian.
521 4298 610 4363 1607.
628 4299 670 4363 4⁰.
686 4318 715 4382 p.
732 4302 818 4381 116.)
841 4301 954 4385 legitur
974 4308 1044 4383 post
1069 4320 1186 4386 poenas
1208 4302 1296 4367 militi
1322 4305 1419 4387 quin-
