2918 4914
121 420 187 469 one.
202 420 279 472 xxv.
301 420 342 469 ao
368 421 436 469 Pdff'·
452 397 529 470 81⁴2
547 396 704 484 taz-ai.
718 422 773 497 eq.
901 399 992 475 567*
1111 494 1114 503 .

121 621 226 702 pidum
251 640 288 685 ae
306 629 411 703 portus
434 619 473 684 ad
497 620 629 703 Garyeni
650 621 680 684 ii.
702 622 795 702 ostia,
816 624 994 706 saptiam

121 755 147 815 v,
160 731 198 794 al.
212 733 242 794 Γ
241 733 415 814 αρρυὲνου)
438 733 582 810 ποταμοῦ
606 728 749 812 ἐκβολάς.
761 732 836 796 Ptol.
847 733 883 797 ll.
894 732 993 814 2(3.),
1008 788 1010 793 .

121 862 130 904 ι
151 842 223 905 hod.
241 841 321 907 Yare
344 860 414 906 esse
443 848 565 905 constat
584 842 795 920 (manutertii.
809 845 838 907 2.
851 861 881 923 p.
895 844 994 922 184).

121 952 187 1015 too.
206 970 270 1034 sp:
295 952 342 1032 ,A
371 951 517 1016 Norwieo
541 952 682 1017 Garieuis
703 953 737 1016 in
764 971 852 1017 suum
880 970 994 1018 nomen

121 1079 134 1124 s
157 1062 283 1124 adscitis
305 1068 444 1124 tortuose
457 1060 610 1124 volvitur.
635 1108 642 1124 .
665 1109 673 1124 .
690 1068 721 1125 et
741 1062 802 1126 iam
823 1063 900 1127 mari
920 1080 997 1145 pro-
1083 1058 1102 1147 j

121 1177 214 1234 strum
236 1171 408 1248 descendit,
429 1175 465 1234 ut
485 1173 610 1236 marinis
633 1173 773 1237 ductibus
788 1172 909 1236 mollius
926 1166 997 1236 itii-

125 1300 233 1364 amque
255 1282 348 1360 iacit,
372 1299 462 1362 quam
481 1282 554 1345 hino
577 1282 661 1365 ipse,
685 1282 758 1347 inde
779 1300 864 1347 mare
886 1283 996 1347 aliam-

147 1391 262 1473 lingula
295 1391 399 1456 littore
428 1393 622 1474 apertissimo
657 1392 823 1456 Yomoutd
849 1392 996 1473 vidimus,

121 1503 228 1580 renuit,
260 1507 290 1565 et
312 1501 465 1581 itermod,
487 1504 507 1565 i.
522 1522 548 1567 e.
563 1502 705 1565 dationis
726 1503 857 1581 ostium,
877 1503 998 1585 portum

121 1611 385 1692 elegantissimum,
408 1612 470 1675 loei
484 1614 610 1694 ingenio
625 1619 656 1677 et
675 1613 783 1677 solerti
797 1630 892 1694 opera
905 1631 999 1695 prae-

165 1721 231 1783 Hoe
256 1721 465 1784 Gortononum
493 1722 567 1786 illud
588 1728 677 1787 vetus
702 1723 921 1802 affirmassem,
944 1722 997 1787 ubi

124 1830 323 1894 ‘Stabiesiani
348 1839 455 1895 contra
479 1831 628 1896 barbaros
648 1833 852 1912 excubamnt,
874 1831 936 1896 nisi
957 1833 997 1897 ad

121 1961 160 2005 rm
190 1943 361 2022 proximum
392 1943 579 2023 antiquitatis
611 1944 735 2007 nomine
764 1944 845 2026 apud
877 1943 998 2008 incolas

120 2072 130 2114 1
153 2051 315 2116 Garienem
340 2054 370 2114 ss.
384 2053 495 2116 ostium
517 2053 663 2116 hahuisse
684 2054 764 2117 iama
785 2052 944 2132 valuisset,
968 2058 999 2116 et

121 2183 129 2223 ι
156 2162 302 2225 nonnulla
325 2163 524 2242 annuissent,
548 2162 657 2243 quibus
678 2162 831 2245 refragari
852 2179 915 2226 non
941 2179 999 2226 au-

121 2291 175 2335 nus
198 2271 280 2344 illud*
293 2271 502 2333 Gorinnonom
522 2273 734 2336 existimem..
750 2319 757 2334 .
771 2319 778 2334 .
792 2269 894 2354 aqtriio
918 2271 998 2334 hano

121 2400 140 2460 ;,
171 2387 201 2444 et
223 2400 334 2444 arenas
363 2397 554 2445 converrens
576 2380 637 2444 hoo
669 2381 781 2443 ostium
805 2379 998 2447 obstruxisse

121 2510 155 2554 eo
177 2498 277 2554 tamen
307 2492 408 2554 fraudi
431 2492 508 2570 erit,
532 2493 560 2554 si
586 2489 750 2553 Yormoutd
770 2497 908 2554 nostrum
931 2489 997 2553 Ga-

121 2619 172 2682 puo
194 2602 371 2665 adiunctum
396 2600 605 2664 Gariannum
627 2599 774 2679 dixerim,
799 2619 867 2664 oum
887 2600 999 2664 Garie-

120 2728 232 2773 nomen
255 2712 346 2790 iecit,
369 2729 451 2775 nuno
475 2709 565 2774 alveo
588 2715 703 2774 mutato
728 2709 785 2773 sub
813 2710 892 2795 hoo,
914 2710 998 2791 quod

121 2841 128 2882 a
149 2821 294 2902 signavit,
318 2839 467 2884 oceanum
483 2820 661 2884 subintret..
687 2821 756 2885 Non
776 2836 901 2900 possum
916 2820 997 2884 enim

121 2949 159 2993 oc
183 2938 321 2993 nostrum
340 2930 506 2994 i'annoutd
526 2916 711 2993 recentioris
727 2947 797 2994 esse
819 2929 996 2993 memoriae.

122 3040 326 3102 Garianonum
357 3040 430 3103 illud
452 3046 540 3103 vetus
561 3038 790 3118 intercidisset,
813 3052 872 3103 neo
894 3044 999 3103 esseut

121 3149 294 3229 tenderent,
324 3151 473 3214 Caudinus
502 3149 669 3213 bellicosus
696 3150 778 3213 Saxo
809 3149 861 3212 hio
885 3155 998 3213 terram

121 3260 211 3334 [unde
229 3259 317 3322 loeus
337 3259 430 3322 hodie
447 3258 559 3324 ineolis
575 3256 774 3339 Conditorem,
792 3257 998 3341 etHistorieis

121 3369 251 3449 linitum)
272 3370 382 3433 lconos
404 3370 590 3451 gravissimo
606 3368 689 3432 bello
711 3368 861 3446 exercuit,
885 3372 996 3432 etcum

147 3481 324 3544 Britannum
358 3480 508 3559 fudisset,
540 3481 614 3545 hinc
644 3481 676 3542 in
706 3478 856 3543 occiduas
886 3478 997 3562 plagas

121 3589 335 3653 eeidentalium
349 3590 504 3655 Saxonum
517 3592 657 3673 Regnum
669 3587 808 3668 instituit,
831 3606 890 3652 neo
901 3588 998 3674 longo

121 3719 133 3762 e
160 3719 217 3781 pro
241 3701 417 3764 Garianono
444 3717 557 3763 novum
580 3698 724 3782 oppidum
751 3703 921 3779 posuerunt
940 3699 1000 3764 Sa-

121 3827 142 3870 o
157 3808 210 3872 illo
233 3810 337 3889 fluido,
362 3810 401 3873 ad
424 3809 524 3873 occid.
541 3808 673 3897 fluminis
687 3807 797 3891 ripam,
823 3808 905 3891 quod
918 3806 999 3872 Por-

121 3925 173 3981 rnt.
184 3967 191 3980 .
204 3966 212 3982 .
225 3927 252 3982 ,α
288 3920 327 3983 of.
346 3920 631 3984 Camden-Gibson.
644 3937 674 4001 p.
688 3919 761 3984 376.
775 3919 848 3984 388.
861 3937 920 4002 sp,
943 3919 997 3984 ubi

121 4029 250 4093 rstellmn
273 4030 491 4095 Sudolcianum
514 4029 726 4112 Burpiteostett
743 4035 830 4095 vetus
842 4029 997 4094 Gariano-

140 4140 372 4220 persuasionem
391 4146 460 4222 apto
487 4141 626 4221 exposuit
639 4142 672 4220 a,
706 4158 774 4203 eum
797 4138 926 4204 Gibsoni
941 4138 999 4203 de-

121 4394 131 4429 e
151 4376 245 4447 (verba
262 4376 388 4431 Gamdeni
407 4391 448 4446 ap.
466 4378 574 4434 (iibron.
588 4383 660 4450 sunt)
683 4384 731 4431 aot
747 4378 852 4446 amm,
872 4375 929 4428 ttat
947 4373 997 4428 ue

121 4564 1076 4620 ΜΟ
