2918 4914
95 228 1313 348 e--·--·-----1·—·=·=-··=====-=----Qffl--===ffl-==n

382 347 575 461 cinnum.
598 407 638 455 an
663 382 1026 479 rac.95*.tt.1.sqq.
1147 379 1239 456 693*

140 603 217 669 ideo
240 603 366 669 difficile
385 610 448 685 est,
473 603 556 686 quod
583 621 646 666 non
668 608 753 667 extra
775 620 865 666 omne
896 599 1019 662 dubium
1049 605 1116 679 est,
1140 604 1239 661 utrum
1334 647 1338 657 .

142 714 234 795 loca,
260 713 300 778 de
325 714 434 797 quibm
456 714 490 777 lt.
505 714 576 777 Ant.
595 732 631 777 ea
653 713 685 774 in
706 713 802 775 medio
825 713 920 776 fuisse
947 711 1059 790 refert,
1084 710 1115 771 in
1137 707 1239 773 medic

95 892 98 897 ,
141 825 225 890 inter
247 827 437 890 mansionem
458 825 596 906 proxime
606 830 688 886 »ante
709 825 893 886 nominatam
909 839 1036 904 eamque
1050 837 1129 901 quae
1148 836 1241 881 versu

142 936 345 1001 antecedenti
364 937 493 1017 primum
515 924 700 1014 nominatur,
723 953 761 998 an
783 935 863 997 inter
885 933 964 996 illam
987 938 1016 996 et
1035 931 1175 1013 proxime
1187 945 1242 1020 se-

95 1016 104 1139 i
142 1047 251 1129 quenti
273 1064 365 1111 versu
385 1045 484 1127 primo
513 1045 584 1108 loco
614 1045 744 1126 positam
766 1043 888 1108 tuerint.
925 1041 999 1106 mihi
1022 1039 1143 1122 quidem
1167 1037 1242 1102 illud

95 1152 100 1213 ι’
139 1159 210 1223 veri
242 1155 426 1221 simillimum
456 1174 526 1219 esse
554 1155 694 1235 videtur,
720 1155 776 1219 sed
805 1172 905 1239 neque
929 1150 1117 1218 D'Anviiiius
1141 1167 1241 1232 neque

141 1269 237 1332 etiam
259 1267 435 1330 Mannertus
457 1267 517 1329 sibi
539 1268 570 1329 in
597 1267 656 1330 bac
676 1285 711 1330 re
728 1266 790 1347 'ipsi
819 1266 1028 1329 constiterunt.
1058 1265 1160 1354 itaque
1189 1280 1243 1327 se-

95 1312 104 1473 }
143 1382 290 1460 quantem
313 1375 464 1456 tabulam,
487 1376 537 1439 cni
562 1363 641 1458 apud
660 1376 864 1441 Ptolemaeum
887 1376 1159 1461 geographumque
1179 1373 1243 1439 Ra-

95 1502 103 1551 t·
138 1492 306 1552 vennatem
330 1486 388 1563 (ci.
410 1486 448 1548 ad
470 1485 577 1567 p.91*.
596 1487 624 1562 b.
638 1495 684 1565 ..)
701 1487 814 1569 passim
844 1486 935 1549 obvia
965 1486 1089 1549 nomina
1120 1483 1243 1549 adiecta

95 1556 105 1697 ἶ
139 1603 233 1678 sunt,
256 1595 516 1679 topographorum
544 1596 739 1678 opinionibus
768 1595 978 1678 ponderandis
1008 1595 1153 1663 idoneam
1175 1596 1244 1664 tore
1332 1577 1340 1589 ”

95 1734 109 1841 p
139 1725 246 1791 spero.
292 1708 442 1771 itinerarii
463 1714 579 1788 partem
608 1706 647 1770 de
669 1725 728 1789 qua
751 1709 869 1791 agitur,
890 1707 938 1771 sic
962 1708 1098 1773 exhibuit
1115 1708 1245 1775 Wesse-
1335 1777 1342 1796 ,Ν

95 1858 97 1871 ·
136 1818 275 1903 lingius:
747 1901 748 1904 Ἴ
1310 1862 1313 1893 1
1379 1884 1384 1894 ,

183 1927 328 1994 Antianis
344 1926 572 2005 [antecedentia
594 1927 666 1990 vide
681 1927 713 1990 in
732 1927 834 1992 tabula
845 1929 883 1992 ad
896 1947 962 2011 cap.
972 1929 1083 1994 XXXI.
1096 1948 1124 2012 p.
1139 1929 1242 2012 dnae]

95 2032 98 2041 '
184 2038 292 2104 Altino
315 2037 348 2099 in
370 2036 472 2100 medic
489 2037 629 2122 Lugione
648 2038 687 2101 Μ.
701 2038 731 2100 Ρ.
745 2037 839 2101 XXV.

184 2149 235 2214 Ad
255 2148 376 2213 Statuas
398 2148 431 2208 in
453 2147 555 2211 medio
571 2147 678 2211 Alisca
698 2148 737 2211 ad
757 2148 835 2213 latus
848 2148 924 2231 nipa
937 2149 1006 2214 alta.
1019 2150 1058 2214 M.
1066 2150 1096 2214 P.
1107 2150 1242 2216 xxvul.

102 2332 105 2337 ¹
163 2258 346 2324 bassunis.
366 2258 405 2321 Μ.
419 2258 449 2320 P.
461 2257 567 2321 xvttt.

95 2390 104 2467 ³,
183 2367 369 2434 Annamatia
392 2367 425 2429 in
448 2365 550 2431 medio
574 2368 731 2433 Intercisa.
752 2370 792 2434 M.
805 2371 836 2433 P.
848 2371 971 2435 xxtnt.

183 2475 380 2541 Vetnssalina
403 2476 434 2539 in
459 2477 561 2541 medio
584 2479 724 2544 Matrica.
746 2480 785 2544 bt.
799 2482 829 2544 Ρ.
843 2483 950 2546 XXVI.

95 2622 104 2649 ι.
185 2588 345 2669 Campona
366 2587 399 2649 in
416 2587 518 2650 medio
539 2587 660 2653 Acinco
683 2590 1119 2674 leg.11.adiut.M.P.XX111.
1173 2623 1175 2631 .

100 2732 103 2737 ·
184 2697 237 2763 Ad
256 2696 369 2762 Lacum
389 2697 500 2761 Felicis
524 2699 556 2761 in
581 2699 683 2763 medic
707 2702 865 2767 Crumero.
888 2704 927 2767 Μ.
938 2704 968 2767 Ρ.
982 2703 1112 2784 xxvi„

100 2824 109 2841 ·
184 2795 275 2874 Azao
297 2807 330 2870 in
353 2806 456 2871 medio
476 2807 665 2891 Bregetione
686 2810 1112 2894 leg.1.actut.bt.l‘.xv111.

366 2988 370 2997 Ι
472 2917 532 2996 [De
552 2937 639 3002 seqq.
662 2920 734 2984 vide
758 2941 824 3004 cap.
840 2934 919 3005 seq]

230 3026 525 3113 nocentissimorum
549 3029 700 3096 ltinerarii
721 3033 884 3114 editorum,
909 3035 1042 3100 Partbeii
1064 3035 1247 3119 Pinderique

111 3202 115 3209 ,
144 3137 184 3202 de
205 3137 267 3202 bac
286 3143 375 3220 parte
397 3136 550 3202 sententia
573 3139 605 3202 in
630 3143 771 3222 sequenti
793 3143 894 3208 tabula
916 3146 958 3209 ita
980 3152 1013 3207 nt
1039 3145 1160 3209 facilius
1188 3145 1245 3209 sub

110 3242 130 3295 '·
144 3241 369 3314 oculos'oadat
391 3241 527 3312 exhibita
553 3268 622 3314 cum
646 3271 683 3316 ea
706 3271 794 3334 quam
818 3261 888 3318 ante
911 3255 968 3318 bos
992 3256 1048 3319 XV
1068 3273 1165 3319 annos
1189 3274 1246 3319 ca-

113 3374 122 3435 ’,
147 3358 215 3423 dem
238 3357 343 3423 tabula
366 3359 513 3441 exposui,
538 3362 662 3425 omnino
687 3365 831 3427 convenit
860 3382 959 3445 eaque
989 3365 1115 3445 probari
1144 3352 1246 3446 potest
1333 3363 1334 3366 ’

114 3464 118 3503 ²
146 3475 205 3533 um
226 3467 360 3533 diversis
386 3469 482 3550 ipsius
505 3471 658 3535 itinerarii
680 3471 758 3537 locis
781 3474 861 3536 inter
881 3492 938 3553 se,
970 3480 1031 3537 nrm
1054 3493 1123 3539 cum
1143 3475 1245 3541 tabula

120 3588 125 3665 j
148 3577 371 3662 Pautingerana
396 3578 527 3659 collatis,
554 3581 639 3649 cuius
662 3582 708 3644 rei
728 3582 872 3645 idoneum
895 3584 1067 3665 exemplum
1088 3586 1245 3650 annotatio

147 3695 261 3752 nostra
272 3686 311 3751 ad
327 3707 357 3770 p.
370 3688 436 3753 98*.
451 3688 496 3766 bb.
506 3690 536 3754 9.
549 3707 595 3771 sq.
608 3689 775 3754 exhibebit.
819 3691 876 3754 Pro
899 3694 1058 3758 vocabulis
1070 3693 1113 3757 ‘in
1129 3693 1245 3776 medio,

117 3786 267 3864 ‘omissis
288 3816 353 3880 seq.
368 3798 479 3879 tabula,
501 3800 621 3885 singula
642 3801 777 3880 nomina,
799 3802 837 3865 ad
858 3821 937 3885 quae
959 3805 1010 3868 illa
1025 3805 1177 3870 vocabula
1192 3825 1247 3871 re-

146 3909 273 3977 ierenda
294 3917 408 3989 essent,
435 3911 501 3991 ipsa
524 3911 554 3975 in
577 3913 678 3977 medio
701 3913 749 3976 ita·
765 3913 927 3992 collocavi,
950 3921 982 3976 ut
1003 3915 1034 3977 in
1055 3915 1163 3979 mediis
1180 3917 1246 3982 iere

145 4020 234 4086 lineis
257 4019 439 4102 inciperent.
