2918 4914
249 383 362 455 1056*
376 403 495 454 anaor.
506 403 1084 459 aasenescemus.ruaerosrrrms
1092 410 1349 463 ulammaulas.

244 606 297 655 rias
318 612 390 670 tuas,
419 606 555 658 Constanti
578 607 675 660 Caesar
699 610 816 673 invicte,
843 611 970 679 quidquid
990 612 1144 679 infrequens
1166 612 1299 665 Ambisna
1327 622 1353 667 et
1403 608 1405 677 Ϊ

242 700 390 752 Bellovaco
411 710 437 753 et
455 704 603 755 Tricassiao
625 705 683 756 solo
702 706 903 775 Lingonicoque
922 709 1046 772 restabat,
1067 709 1177 760 barbaro
1190 708 1293 761 cultore
1307 727 1351 762 re·
1403 742 1404 752 κ

243 799 361 850 virescit.
401 800 469 863 Quin
491 801 569 852 otiam
591 802 646 867 illa,
668 805 743 853 euius
764 804 948 856 nominemihi
966 805 1139 872 peculiariter
1154 805 1350 877 gratulandum,
1402 806 1404 852 ἱ

245 894 416 947 devotissima
436 897 513 948 vobis
539 900 633 950 civitas
655 900 806 951 Aeduorum
835 918 866 952 ex
896 901 945 952 bac
964 902 1132 954 Britannicae
1157 903 1286 955 facultate
1308 905 1351 954 vi·
1402 915 1405 977 t

244 995 345 1044 ctoriae
365 993 501 1059 plurimos,
521 996 616 1063 quibus
635 996 697 1047 illae
718 998 873 1063 provinciae
892 998 1081 1065 redundabant,
1101 1000 1205 1066 accepit
1224 1000 1350 1064 artifices,

245 1095 272 1139 et
293 1106 363 1141 nunc
382 1093 563 1144 exstructione
584 1100 704 1144 veterum
723 1094 858 1146 domorum
871 1132 877 1146 .
890 1098 1085 1165 ..consurgit“.

330 1188 365 1251 n.
389 1190 569 1253 aliatenus
592 1191 777 1254 trameant
794 1176 1179 1273 a.357.xv1.1'1‚a...4.:

278 1296 433 1365 „barbutia
446 1315 495 1349 ,ex
515 1299 623 1352 ltalia..
636 1300 768 1352 Rauracos
789 1304 863 1353 venit
873 1341 878 1352 .
888 1341 894 1353 .
906 1341 912 1353 .
924 1309 953 1353 ut
974 1305 1126 1355 saevientes
1146 1304 1214 1356 ultra
1242 1305 1351 1358 solitum

241 1393 380 1445 Alamanni
428 1397 453 1444 in
476 1398 613 1464 angustias
633 1397 815 1449 caederentur.
832 1398 890 1448 dum
911 1398 978 1450 haec
989 1437 1005 1451 ..
1018 1400 1176 1465 celarentur,
1189 1400 1244 1452 laeti
1255 1405 1279 1437 *Β
1288 1403 1351 1454 bar.

242 1490 298 1542 bari
319 1490 351 1540 arl
373 1494 532 1558 tempestiva
552 1493 621 1543 furta
642 1492 767 1545 sollertes
788 1495 857 1544 iuter
878 1497 1015 1562 utriusque
1038 1499 1168 1547 exereitus
1189 1504 1275 1548 castra
1303 1513 1351 1549 oc-

243 1587 315 1640 culte
333 1591 490 1656 transgressi
512 1591 634 1641 invasere
656 1589 810 1660 Lugdunum
831 1593 963 1642 incautam
985 1608 1095 1661 eamque
1116 1592 1267 1660 populatam
1292 1595 1352 1645 nisu
1402 1625 1404 1634 2

242 1684 330 1736 ualido
351 1693 574 1750 concremassent,
595 1688 621 1737 ni
643 1686 739 1737 clausis
760 1688 874 1739 aditibus
894 1691 1042 1756 repercussi
1057 1690 1184 1759 quidquid
1204 1697 1279 1741 extra
1300 1706 1351 1759 op.
1402 1666 1404 1755 l

241 1782 331 1850 pidum
352 1783 437 1849 potnit
456 1784 580 1847 inueniri,
598 1789 774 1835 vastassent“.

328 1879 377 1944 lll.
403 1878 487 1942 ldem
510 1881 540 1941 in
564 1881 673 1944 litteris
698 1881 822 1959 loliani,
846 1880 978 1963 Augusti
1003 1880 1040 1944 ab
1071 1882 1209 1944 exercitu
1233 1902 1353 1947 renun-
1401 1924 1402 1932 2

242 1990 319 2069 listi,
333 1990 370 2052 ad
381 1991 590 2053 Constantium
604 1993 642 2053 A.
657 1990 736 2073 apud
747 1991 881 2053 Parisios
894 2011 921 2054 a.
933 1991 1004 2055 360.
1019 1992 1152 2073 scriptis,
1167 1992 1234 2055 XX.
1246 1996 1277 2073 8,
1292 1996 1350 2059 13.;
1402 2016 1403 2025 ³

277 2100 367 2168 „Quae
387 2117 499 2153 necessa
519 2103 552 2151 sit
573 2102 640 2167 lieri,
663 2103 688 2152 in
709 2101 893 2169 compendium
913 2101 1030 2170 redigam
1051 2103 1150 2154 breve:
1172 2119 1256 2171 equos
1270 2121 1351 2172 prae·
1403 2119 1405 2191 p

225 2198 310 2255 ,bebo
338 2199 443 2250 curules
472 2199 602 2266 llispanos
634 2205 660 2248 et
685 2198 835 2249 miscendos
857 2197 1003 2268 gentilibus
1028 2206 1108 2267 atque
1134 2201 1255 2252 scutariis
1282 2200 1352 2253 letos
1403 2199 1405 2213 ²

244 2295 380 2363 quosdam,
402 2296 440 2346 eis
459 2295 580 2347 Rhenum
602 2295 698 2346 editam
721 2295 890 2346 barbarorum
910 2296 1077 2364 progeniem,
1096 2295 1139 2347 vel
1155 2304 1227 2348 certe
1248 2313 1281 2349 ex
1301 2298 1352 2350 do.
1400 2336 1403 2371 3

242 2390 342 2445 diticiis
361 2392 406 2458 qui
427 2392 459 2443 ad
481 2399 571 2444 nostra
590 2379 764 2445 desciscente.
1400 2388 1402 2395 '

328 2491 377 2553 lV.
403 2490 487 2552 ldem
511 2491 550 2552 ad
572 2490 683 2555 aaut.
704 2489 957 2567 xxt.13‚16.te
975 2488 1152 2552 Constantio
1176 2491 1236 2552 A.:

276 2600 500 2667 ‚,llrbetiouen1...
511 2601 562 2650 iter
581 2616 657 2650 suuni
676 2601 779 2667 praeire
800 2616 858 2651 cum
877 2600 1019 2651 lauceariir
1045 2605 1072 2651 et
1090 2599 1228 2650 nrattiariis
1248 2608 1275 2653 et
1303 2618 1351 2653 ca.
1403 2613 1404 2622 ¹

241 2804 403 2854 deinemcnts
423 2797 591 2849 siraultanis:
617 2797 661 2850 des
681 2796 748 2859 laeti,
776 2797 879 2848 cli-ossis
895 2814 947 2866 por
970 2796 1014 2848 des
1038 2796 1131 2848 bordes
1156 2799 1286 2848 ennemies
1308 2798 1351 2850 des

241 2907 325 2951 terres
343 2913 390 2963 pua
409 2895 525 2963 l'empr're
538 2894 595 2945 leur
615 2894 684 2944 oooit
703 2894 837 2957 uecordes,
855 2896 987 2961 poenieat
999 2896 1037 2945 e'te‘
1049 2892 1173 2957 re'rattts5
1192 2894 1235 2945 der
1246 2896 1352 2947 Fratres

242 2995 363 3047 s'e'tnient
383 2993 515 3043 roumird
538 2991 652 3059 l'empire
672 2999 695 3042 ct
720 2992 825 3042 audient
843 3007 906 3055 recu
932 2992 975 3043 des
995 2994 1113 3044 terrenti
1138 2990 1263 3042 ctrltiaer’.
1303 2991 1352 3043 lclr

241 3091 313 3144 ltolte
333 3108 358 3142 es
377 3093 422 3157 [atr
440 3088 639 3154 unbcdcrrltlr'cls,
660 3090 706 3140 «tas
727 3087 886 3140 Verbdltm'ss
904 3105 932 3141 so
951 3088 1094 3152 sustellere,
1107 3088 1166 3140 dors
1179 3089 1352 3141 dieseFren.

243 3190 294 3242 ltcn
314 3189 377 3239 eben
396 3187 436 3238 die
453 3186 615 3256 seindlicbert
636 3187 742 3238 Hordeo
762 3203 868 3250 wareo,
888 3186 971 3237 denen
984 3189 1048 3251 jorra
1067 3187 1151 3239 britan
1168 3186 1263 3238 earlier
1285 3189 1351 3239 roei·

243 3287 309 3338 cben
336 3293 498 3336 ranssten...·
519 3283 598 3334 demit
625 3283 755 3334 ersclreirrt
778 3283 850 3334 donn
874 3284 920 3333 der
941 3285 1086 3350 Gepcosuta
1112 3283 1240 3334 subelecta
1258 3284 1353 3336 beiden

242 3382 359 3435 Koirern
378 3382 468 3433 ebertro
488 3380 609 3444 deutliclt,
628 3382 676 3431 wia
694 3381 751 3432 ibre
768 3380 958 3432 Aetrrttettstt.
999 3381 1052 3433 Frir
1066 3380 1107 3430 die
1119 3380 1203 3431 britan
1221 3380 1289 3431 rrt'rrl
1308 3383 1352 3432 eiu

242 3480 324 3531 sebon
342 3478 436 3547 [reilter
455 3478 618 3530 bestelrendcs
638 3478 798 3529 Verbdltnr'ss
817 3486 1007 3541 narcrneuerb
1029 3477 1194 3527 Constantius
1215 3475 1351 3546 berwingt,
1407 3545 1408 3552 ἵ

242 3593 270 3628 so
289 3574 342 3626 vict
359 3577 409 3626 wir
428 3576 516 3641 seben,
536 3575 622 3627 bisber
640 3576 830 3644 uergebdndiptc
848 3576 999 3626 Barbarae.
1045 3574 1101 3624 Das
1121 3574 1300 3626 (lemeinsams
1319 3576 1351 3627 r'st
1407 3578 1408 3609 ³

243 3673 291 3725 der
309 3672 371 3739 Siep
389 3671 444 3723 und
464 3672 505 3722 dic
523 3672 620 3723 derasas
641 3671 824 3722 erwacbscnrlc
845 3670 1026 3738 Agricultur..
1039 3707 1045 3717 .
1057 3707 1062 3719 .
1074 3670 1131 3719 eine
1151 3669 1226 3720 dritta
1252 3667 1351 3721 Ueber.
1407 3705 1408 3712 ,

243 3776 348 3835 sctarrrrp
369 3768 436 3832 „der
457 3767 608 3834 [ruinltr'sclre
629 3767 713 3818 Ldtc“
735 3766 810 3818 bleibt
829 3783 878 3818 oon
900 3766 995 3817 diesem
1013 3765 1148 3832 Vorrncrrsc
1167 3763 1248 3834 [quod
1267 3783 1349 3816 rece·
1405 3746 1408 3824 l

244 3866 348 3916 luerunt
374 3863 490 3914 scribere
517 3862 653 3914 debuisset
681 3862 837 3932 Eumenius]
858 3863 949 3913 eberiso
970 3861 1112 3912 ualerulrrt
1132 3862 1180 3912 ieie
1207 3861 1248 3911 dir
1269 3860 1350 3913 Zara·
1403 3854 1405 3897 l

242 3961 392 4031 ptisclre..“.
429 3958 526 4010 Laetum
552 3960 586 4011 de
605 3973 664 4027 quo=
682 3959 826 4011 Eumenius
848 3959 978 4028 loquitur,
1005 3957 1132 4009 Fraucuar
1153 3957 1254 4021 luisse,
1279 3958 1350 4026 quod
1406 3952 1408 3984 ²

245 4057 326 4109 facile
345 4059 531 4120 concesserim,
554 4059 611 4123 ipsc
631 4064 718 4109 tamea
741 4071 793 4107 non
813 4057 887 4108 dixit.

350 4158 385 4223 ⁴⁸)
404 4155 504 4221 riperto
524 4169 613 4205 errore
633 4154 753 4206 Gotbolr.
765 4153 971 4216 l.c.‚‚l.artorum
987 4165 1039 4202 rou
1051 4151 1182 4204 adieetive
1195 4151 1350 4217 accipienda
1404 4147 1406 4154 ⁴

247 4259 296 4316 est,
315 4266 362 4319 pro
382 4250 479 4320 gaudio
499 4250 654 4302 detrusus«.
674 4249 780 4302 scilicet
795 4249 903 4300 Valerio
912 4248 987 4317 (lc.)
999 4254 1072 4300 ructa
1086 4249 1271 4313 interpretanti
1280 4247 1350 4299 mals
1401 4226 1411 4297 l

247 4347 341 4412 uoluit,
363 4354 389 4397 ut
412 4361 493 4416 saepe
511 4345 586 4399 alias.

201 4548 1394 4601 {m
