2918 4914
230 363 320 442 714*
348 390 679 441 iracundiorem.
693 388 879 438 crnxxxn.
903 389 969 437 unx
992 387 1146 439 ruouuuo.
1160 362 1323 439 vinnius.

228 592 446 674 quaerendam,
471 611 488 655 a
507 592 682 661 Reiebardo
704 591 818 655 inbod.
838 589 964 669 Toplilra
976 596 1014 666 [s.
1028 589 1144 670 polits
1163 590 1325 656 comitatus
1339 650 1345 661 ..

163 708 165 726 '
226 703 480 769 Varasdinensis:
514 702 554 769 ci.
570 702 689 767 llassel.
703 721 731 784 p.
743 703 815 766 570.
826 711 886 783 so]
908 700 1102 783 quaesitam,
1132 701 1195 766 boc
1223 700 1326 766 lorias

163 814 165 890 '3
226 813 410 883 uocabulum
433 812 646 895 accipiendum
664 830 735 876 csse
759 812 1004 894 quaesierimque
1026 810 1178 896 loeumpin
1198 811 1326 893 provin-

49 906 53 913 ·
187 996 191 1004 ¹
227 923 315 988 ciclis
336 923 419 1006 quod
439 924 545 994 dicunt
558 923 716 989 slavonici
730 922 875 986 comitatu
890 918 1102 985 Verdcoenais.
1120 919 1326 984 Warooicecsi

226 1052 290 1098 non
314 1035 357 1098 ita
386 1034 557 1116 proculab
587 1034 700 1116 oppido
731 1034 926 1116 cognomine.
970 1032 1101 1114 Lapieus
1123 1031 1165 1096 ad
1192 1052 1224 1095 v.
1241 1029 1327 1095 Iooio

163 1139 165 1225 f
225 1144 300 1209 Tab.
317 1145 399 1211 Peut.
413 1146 577 1227 adscripsit
602 1147 694 1225 ,pres
716 1143 887 1207 Iictolenc“
910 1151 940 1208 et
969 1143 1008 1207 ad
1031 1129 1185 1208 Itinerarii
1206 1143 1325 1208 llicros.

163 1256 165 1321 ἶ
227 1254 408 1335 ,operosae
432 1254 592 1320 sedidem
617 1273 729 1318 nornen
757 1255 847 1318 etiarn
870 1254 915 1317 eis
938 1253 1033 1317 loviis
1054 1251 1325 1335 (lt.nnr.p.1ut.

165 1408 166 1450 p
229 1364 357 1444 eruet.)
368 1360 637 1447 quasTolnensem
652 1383 754 1443 unam,
778 1334 950 1429 Gro'aticam
966 1363 1093 1428 alteram
1106 1364 1252 1444 dixerim,
1273 1362 1327 1427 ad·

164 1455 167 1494 ²
229 1475 316 1539 arun
342 1476 389 1539 cs.
404 1478 560 1541 annonae
574 1495 602 1558 p.
619 1476 687 1540 eor.
708 1478 737 1543 s.
752 1475 815 1555 no,
837 1493 866 1556 p.
881 1474 965 1538 ooo.
987 1476 1057 1541 eo.

313 1621 355 1637 -
376 1588 426 1655 ii.
444 1588 473 1649 2.
495 1594 556 1667 sp]
580 1584 716 1667 Barpana
743 1583 956 1648 Centenarium
979 1580 1053 1674 coit.
1085 1583 1132 1649 De
1153 1584 1265 1667 burgis
1291 1582 1326 1647 ct.

166 1742 167 1793 l
228 1713 257 1775 p.
269 1691 355 1760 tou.
366 1714 412 1777 sq.
426 1695 464 1758 ad
477 1697 523 1771 ii.
537 1698 588 1760 95.
598 1713 644 1777 sq.
658 1697 757 1777 ,forte
779 1701 908 1759 vocatus
922 1701 970 1758 est
985 1693 1180 1770 (Peuoirolus
1192 1693 1328 1775 scripsit]

165 1801 167 1858 i
229 1811 387 1869 acentum
406 1805 551 1869 militibus
575 1805 617 1868 ibi
639 1805 839 1870 morantibus.
871 1824 941 1868 nam
949 1805 1126 1868 centenarii
1142 1804 1330 1868 uocabantur

166 2145 168 2210 t

123 2380 126 2385 -
163 2297 168 2430 l

118 1890 123 1901 “
165 1903 167 1974 l
230 1923 351 1989 centum
370 1916 516 1983 militibus
538 1918 707 1997 praelecti,
736 1917 778 1980 ait
794 1917 942 1999 Vegetius
962 1916 997 1978 ll.
1017 1916 1063 1980 13.
1076 1922 1107 1979 et
1119 1915 1280 1980 Modestus
1301 1914 1329 1976 iu

229 2027 281 2091 lib.
302 2027 342 2092 de
361 2027 503 2095 vocabul.
524 2027 571 2092 rei
593 2027 714 2092 militar.
738 2033 778 2108 [p.
799 2027 867 2091 107.
883 2028 1073 2109 postVeget.
1091 2024 1329 2090 Scriver.16lll.

228 2137 314 2219 4⁰.]“.
340 2138 388 2202 Dc
409 2139 469 2204 situ
490 2138 566 2202 nihil
586 2146 722 2203 constat:
744 2157 814 2202 nam
838 2137 920 2220 quod
937 2138 1045 2203 Larius
1065 2136 1331 2217 x11.u‚16.scri·
1371 2152 1373 2181 ³

229 2247 306 2330 psit,
329 2267 426 2330 prope
447 2250 548 2313 Altam
574 2250 691 2332 ripam,
716 2249 754 2312 ab
785 2249 852 2330 ipso
871 2249 907 2310 -in
930 2246 1213 2311 hodo-Hccbclroas
1236 2267 1331 2331 quae·

229 2359 317 2421 sitam
339 2360 397 2435 (ci.
417 2359 456 2425 ad
478 2378 507 2441 p.
517 2359 584 2423 pfiu,
599 2362 649 2427 il.
662 2361 691 2423 7.
703 2368 784 2440 sip),
807 2365 857 2439 ,et
888 2357 1032 2421 Zentmor
1059 2358 1204 2423 ruinosus
1234 2375 1331 2442 pagus

202 2530 205 2543 ,
229 2469 352 2547 visitur,
377 2469 430 2533 ubi
452 2470 587 2552 Burgum
607 2469 826 2533 Centenarium
847 2468 944 2532 fuisse
957 2515 964 2530 .
979 2515 1005 2531 ..
1020 2485 1084 2532 non
1107 2468 1206 2531 solum
1230 2468 1333 2533 uomi-

166 2627 168 2644 .
194 2564 196 2569 ’
228 2578 277 2640 nis
295 2579 510 2658 consonantia,
535 2597 640 2642 verum
664 2581 755 2643 etiarn
776 2579 935 2658 inscriptio
955 2584 1094 2658 testetur,
1115 2579 1221 2644 Rabac
1244 2580 1334 2644 ado·

166 2680 168 2699 ³
230 2687 313 2751 mino
334 2706 352 2751 a
375 2687 447 2751 Vols
472 2696 605 2770 reperta,
628 2689 681 2752 ubi
704 2689 772 2753 alac
797 2695 918 2752 conten.
937 2706 1051 2753 nomen
1067 2688 1280 2770 exprimitur“,
1301 2688 1332 2751 id

167 2783 168 2796 ³
229 2814 305 2861 sane
329 2815 476 2880 perquam
497 2798 599 2863 debile
623 2806 836 2882 argumentum
858 2818 928 2864 esse
948 2799 1080 2864 videtur.
1131 2799 1165 2862 ln
1189 2798 1334 2864 australi-

229 2908 287 2972 bus
311 2912 413 2990 potius
432 2908 575 2977 Valeriae
596 2928 686 2992 quam
709 2911 741 2974 iu
763 2910 942 2975 borealibus
963 2910 1100 2992 partibus
1125 2911 1186 2974 boe
1218 2909 1333 2975 castel-

166 3021 168 3046 ³
229 3018 291 3082 lum
314 3018 508 3100 quaesierim.

315 3167 355 3179 -
373 3133 403 3198 l.
426 3130 472 3211 4.]
494 3130 711 3196 Alemanni
731 3147 827 3194 omncs
849 3133 973 3196 babent.
997 3132 1038 3195 ci.
1053 3136 1157 3196 annot.
1177 3129 1218 3194 ad
1240 3147 1334 3214 supe-

228 3241 344 3307 riorem
362 3243 392 3308 l.
412 3243 460 3305 12.
758 3321 763 3329 Ι

314 3389 356 3405 -·
374 3355 404 3419 l.
426 3354 470 3433 5.]
493 3350 679 3416 Muriuonoc
696 3346 794 3417 nono
820 3351 1043 3429 (Morinnonoe
1063 3345 1233 3443 ω’.)ὶηῆ,
1256 3348 1333 3414 Ant

229 3480 333 3527 nonos
350 3461 393 3546 2,
405 3462 592 3529 monitiones
611 3458 651 3543 u,
676 3463 882 3529 Manmcouoc
901 3462 936 3529 o.
967 3466 1140 3547 Illayvr'asa
1154 3464 1241 3544 Ptol,
1264 3462 1333 3527 Ho-

76 3640 81 3651 ,
198 3667 200 3670 y
230 3574 363 3639 rinioois
385 3576 421 3640 lt.
433 3576 505 3641 Ant.
518 3595 548 3659 p.
568 3576 655 3657 130,
677 3575 800 3640 Moaaio
821 3577 996 3641 Mandonio
1019 3578 1054 3643 lt.
1070 3578 1193 3665 Hieros.
1206 3594 1235 3658 p.
1249 3575 1332 3652 562,

229 3681 424 3749 neronum
447 3688 519 3751 Tab.
534 3688 629 3768 Peut,
650 3686 837 3752 decenno
850 3686 1214 3785 Geogrdlaulooczoitt.
1238 3685 1333 3750 Wes-

230 3794 342 3878 seling.
360 3796 399 3860 ad
413 3796 449 3859 lt.
463 3797 535 3861 Ant.
552 3797 572 3860 l.
590 3805 743 3864 econtra
764 3798 958 3863 Pancirolunr
981 3798 1125 3882 negavit,
1148 3798 1227 3861 baec
1248 3796 1334 3861 Mau-

167 3960 170 4004 :
229 3902 317 3966 riaua
329 3912 372 3983 (s.
384 3905 556 3972 llariuiana
570 3909 827 3974 siveblaroniana
842 3928 868 3973 s.
879 3910 1046 3989 Martiana,
1069 3908 1089 3971 i.
1107 3926 1135 3971 e.
1153 3912 1272 3984 castra)
1296 3902 1333 3967 ad

167 4011 170 4076 i
228 4011 310 4077 hunc
327 4014 462 4080 Notitiae
477 4016 580 4082 locum
601 4021 768 4101 pertinere,
792 4021 883 4100 („sed
900 4040 969 4085 earn
981 4020 1072 4084 aliam
1086 4025 1202 4097 esse“),
1226 4016 1335 4099 quippo

229 4122 269 4187 ad
292 4124 415 4189 Saviam
435 4129 639 4210 pertinentia,
670 4133 709 4196 ad
741 4132 879 4196 dextram
901 4133 974 4198 Savi
1002 4130 1137 4195 {luminis
1158 4129 1258 4211 ripam
1279 4144 1335 4191 ex-

229 4240 355 4299 structa.
403 4237 553 4318 Equidem
565 4241 728 4306 Paneirolo
752 4244 959 4322 accesserim;
979 4243 1071 4309 Savia
1089 4242 1207 4305 Ducem
1221 4237 1334 4302 nullum

229 4344 356 4428 babuit,
379 4365 481 4433 neque
502 4350 545 4417 ita
574 4353 681 4418 stricta
702 4355 878 4421 militarium
911 4355 1141 4439 provinciarum
1165 4350 1243 4417 linas
1266 4364 1334 4417 cun
