2918 4914
1411 224 1430 343 i

256 376 347 454 892*
372 399 488 448 annor.
498 400 539 447 an
553 398 625 446 nor.
635 397 703 445 occ.
722 398 787 445 aar.
797 398 945 447 xxxviia.
960 396 1286 446 nvxamrannraan.

259 597 425 660 instructus
449 600 560 661 terrori
583 598 763 677 civibusque
786 596 924 659 tutamini
931 617 941 674 3
964 596 1016 677 qun
1032 594 1125 678 vulgo
1142 593 1360 672 irrationabili,

256 705 373 788 absque
394 715 536 788 rectore,
563 707 680 785 lactus,
701 725 763 770 non
786 713 847 769 tam
867 706 1019 787 lapidibus
1043 724 1133 787 quam
1157 704 1358 786 caespitibus,
1414 758 1418 785 ,

257 832 318 879 nen
346 818 469 899 profuit.
521 817 601 879 Xlll.
623 817 670 878 Da
690 817 825 879 secanda
853 816 1036 879 vastatione.
1064 816 1118 879 llla
1139 815 1265 897 legione
1289 831 1359 877 cunr
1414 844 1417 849 ·

257 927 407 1009 triumpho
431 946 544 1010 magno
568 934 596 991 et
620 927 734 1010 gaudio
759 928 880 991 donnum
903 933 1062 1008 repetente
1085 926 1128 990 illi
1151 926 1274 1007 priores
1299 923 1361 985 ini·
1413 1000 1417 1013 Ι

255 1037 327 1101 mici
349 1057 386 1101 ac
411 1038 497 1119 quasi
521 1037 684 1102 ambrones
708 1038 769 1119 lupi
790 1039 942 1119 profunda
966 1039 1046 1102 lanne
1063 1036 1158 1101 tabidi
1179 1036 1274 1099 siccis
1288 1034 1361 1099 lau·
1412 1076 1416 1097 2

257 1148 344 1211 cibus
366 1149 397 1210 in
420 1148 501 1211 ovile
525 1148 731 1211 transilientes
755 1165 815 1210 non
840 1154 1037 1230 comparente
1060 1153 1194 1231 pastore,
1217 1164 1255 1208 ac
1278 1143 1357 1209 velta

256 1264 349 1321 vento
371 1258 500 1321 sinuatis
523 1258 604 1321 vecti
632 1258 780 1322 terminos
810 1265 951 1339 rumpunt
978 1257 1170 1338 caeduntque
1201 1254 1308 1319 omnia
1330 1259 1360 1317 et

255 1385 395 1449 quaeque
417 1370 519 1431 omnia
542 1376 689 1433 maturam
712 1388 770 1432 ceu
791 1375 929 1452 segetem
953 1374 1078 1447 metunt,
1101 1366 1232 1446 calcant,
1254 1373 1360 1428 trans·

255 1484 337 1542 eunt.
382 1477 475 1542 Xllll.
490 1477 603 1541 lterum
625 1479 662 1542 de
684 1480 790 1543 eodan
818 1480 998 1541 uectatione
1043 1480 1179 1560 ltemque
1200 1477 1360 1539 mittuntur

256 1589 375 1671 queruli
399 1589 512 1671 legati,
535 1591 643 1654 scissis
672 1597 705 1652 ut
728 1590 840 1654 dicitur
862 1590 998 1653 vestibus
1024 1589 1199 1670 opertisque
1230 1586 1360 1651 sablone

257 1698 415 1780 capitibus,
438 1698 635 1778 impetrantes
659 1718 678 1762 a
696 1700 843 1763 Romanis
865 1699 979 1761 auxilia
1000 1717 1037 1761 ac
1057 1697 1140 1762 velut
1162 1696 1262 1759 timidi
1283 1693 1357 1776 pulli

255 1814 382 1872 matrum
405 1808 592 1873 fidelissimis
617 1809 673 1872 alis
696 1809 942 1889 succumbentes,
968 1828 1007 1871 ne
1023 1809 1143 1888 penitus
1164 1806 1279 1869 misera
1302 1823 1361 1886 pa·
1411 1804 1415 1827 ³

255 1919 313 1983 tria
336 1918 500 1999 deleretur,
525 1921 892 2001 nomenquellomanum‚
914 1919 994 2001 quod
1017 1919 1121 1983 uerbis
1143 1923 1259 1980 tanturn
1279 1914 1358 1997 apud

257 2045 312 2092 cos
338 2030 462 2093 auribus
485 2031 664 2108 resultabat,
689 2030 737 2093 vel
760 2037 934 2094 exterarum
956 2029 1094 2111 gentium
1112 2027 1279 2109 opprobrio
1298 2024 1359 2089 ob·
1412 2022 1414 2029 '

254 2126 359 2204 rosum
382 2140 556 2203 vilesceret.
599 2141 639 2204 At
655 2140 698 2203 illi
721 2147 864 2222 quantum
887 2140 1037 2202 humanae
1059 2144 1188 2201 naturae
1207 2135 1359 2218 possibile

257 2255 314 2329 est,
339 2251 484 2314 commoti
509 2256 611 2314 tantae
632 2251 763 2313 historia
787 2250 986 2332 tragoediae,
1009 2248 1129 2312 volatus
1155 2266 1212 2311 ceu
1236 2244 1359 2328 aquila·
1410 2228 1414 2237 ¹

256 2377 333 2438 rum,
358 2361 491 2441 equitum
516 2361 546 2422 in
568 2367 661 2439 terra,
687 2367 846 2424 nautarum
870 2360 900 2421 in
925 2338 1027 2438 mari,
1043 2375 1152 2421 cursus
1174 2354 1360 2421 acceleran-
1410 2384 1414 2399 ·

255 2471 301 2531 tes
325 2468 499 2549 inopinatos
522 2471 668 2550 prinurm,
692 2470 814 2533 tandem
837 2469 990 2531 terribiles
1021 2468 1216 2531 inimicorum
1239 2480 1360 2548 unguet

257 2578 430 2642 cervicibus
461 2578 591 2662 infigunt
619 2598 799 2642 mucronum
833 2579 1017 2660 casibusque
1047 2577 1189 2641 loliorum
1221 2584 1359 2657 tempora

256 2693 343 2750 cerlo
365 2688 403 2750 ad
426 2688 628 2751 simulandam
651 2691 738 2752 istam
761 2695 912 2769 peragunt
934 2672 1127 2770 stragemss..
1141 2709 1164 2749 .:
1186 2687 1229 2751 ita
1252 2702 1359 2750 aemn-

256 2796 354 2860 lorum
396 2797 521 2881 agmina
554 2798 752 2861 auxiliatores
782 2798 924 2881 egregii,
962 2797 1060 2879 siqua
1088 2804 1191 2860 tamen
1223 2795 1360 2860 eradere

254 2911 426 2988 potuerant,
452 2924 586 2991 propere
600 2915 682 2972 trans
700 2909 796 2972 maria
819 2910 1013 2991 fugaverunt,
1035 2908 1105 2989 quia
1129 2905 1359 2970 anniversarias

254 3015 344 3082 avide
382 3018 513 3098 praedas
547 3019 630 3082 nullo
665 3020 833 3082 obsistente
867 3025 950 3081 trans
982 3018 1078 3080 maria
1113 3016 1356 3102 exaggerabant.

254 3127 351 3211 lgitnr
372 3128 500 3192 ltomani
521 3130 619 3209 patria
642 3131 760 3193 reversi
784 3130 1001 3192 denuntiantes
1023 3146 1216 3210 nequaqnam
1238 3147 1275 3193 se
1298 3133 1358 3192 tam

254 3237 420 3302 laboriosis
452 3240 699 3321 expeditionibus
720 3260 812 3322 posse
834 3242 1023 3321 lrequcntius
1047 3240 1154 3303 vexari
1182 3243 1213 3302 ct
1235 3238 1277 3302 ob
1300 3238 1360 3303 inr-

255 3348 352 3414 belles
373 3351 585 3432 erraticosque
608 3351 808 3430 latrunculos,
832 3352 970 3414 Romana
994 3351 1148 3433 stigmata,
1170 3354 1289 3412 tanturn
1309 3353 1359 3412 ta·

255 3460 375 3542 lemque
398 3462 565 3525 exercitum
589 3469 671 3525 terra
690 3482 727 3525 ac
750 3462 827 3525 mari
850 3461 994 3543 latigari3
1016 3460 1072 3524 sed
1087 3466 1120 3522 ut
1140 3458 1241 3522 insula
1257 3458 1358 3540 polius

256 3571 490 3635 consuescendo
505 3573 598 3635 armis
620 3591 658 3635 ac
679 3572 809 3635 viriliter
825 3571 1000 3634 dimicando
1022 3576 1145 3649 terram,
1167 3568 1360 3633 substantio·

256 3680 327 3761 lam,
353 3683 515 3765 coniuges,
541 3683 656 3747 liberos
678 3683 947 3746 et...libertatem
970 3683 1125 3764 uitamque
1146 3681 1219 3744 totis
1241 3680 1359 3745 viribus

256 3791 429 3854 vindicaret
452 3798 483 3853 et
505 3792 647 3875 gentibus
673 3810 864 3874 nequaquam
889 3810 923 3855 se
948 3791 1140 3871 fortioribus,
1166 3791 1227 3854 nisi
1250 3790 1361 3875 segni·

258 3902 299 3964 tia
323 3907 354 3963 et
375 3907 501 3982 torpore
526 3901 786 3980 dissolverentur,
808 3909 842 3965 ut
864 3902 998 3965 inermes
1022 3901 1154 3965 vinculis
1175 3901 1360 3967 vinciendas

257 4010 340 4073 nullo
364 4011 468 4087 modo,
493 4010 549 4072 sed
571 4011 735 4073 instructas
757 4010 856 4092 peltis,
878 4010 1026 4090 ensibus,
1049 4011 1144 4074 hastis
1167 4017 1197 4073 et
1221 4011 1261 4076 ad
1285 4029 1360 4076 cae·

258 4120 328 4184 dem
349 4125 504 4201 promptas
532 4120 747 4201 praetenderet
776 4138 900 4199 ritanus,
930 4121 1096 4185 suadentes
1126 4121 1216 4202 (quia
1246 4128 1278 4186 et
1299 4123 1359 4187 boo

258 4230 403 4312 putabant
424 4229 537 4310 aliquid
560 4229 805 4311 derelinquendo
832 4230 946 4311 populo
977 4231 1130 4294 commodi
1156 4240 1360 4309 accrescere)

191 4398 195 4439 i
258 4359 387 4424 uturum,
409 4357 471 4402 non
493 4346 525 4401 ut
547 4340 685 4419 liberum,
709 4348 829 4421 sumptu
851 4340 974 4423 publico
998 4341 1180 4423 privatoque
1205 4342 1359 4407 adiunctio

181 4548 1368 4599 §aaa-w
