2918 4914
87 100 200 218 ,w
461 116 878 127 m...-
1258 103 1323 221 „

328 261 396 315 aar·
411 263 560 315 ananau.
587 265 628 313 nn
642 264 711 315 raa.
725 246 825 311 tto.
839 252 884 327 bt.
895 243 1061 339 [nub-sq,
1157 242 1247 317 939*

144 460 229 523 Edem
250 480 331 527 neor
354 460 504 524 carietes
528 462 560 524 in
583 461 726 527 Gurnbria
749 462 846 526 inisse
872 461 1086 543 interpretatus
1115 469 1178 541 est,
1210 463 1249 525 dc

145 590 201 653 quo
235 572 307 635 ioco
331 572 502 637 Gortonus:
531 571 725 651 ,Waruiek,
749 589 793 633 co.
809 570 957 633 Curebcrt.
997 570 1025 634 A
1051 572 1162 655 porisb
1188 572 1251 643 aad

145 680 294 760 townsbip
315 682 346 741 in
370 681 574 743 cumberland
593 681 693 754 word,
714 680 887 761 pteosuutlp
903 681 1037 743 situated
1050 701 1090 742 on
1111 681 1159 744 tbe
1174 687 1252 743 west

143 789 220 851 boub
243 791 282 871 of
300 790 348 851 tbe
371 791 457 851 riam
482 790 589 870 Edem,
612 808 688 859 oper
710 790 809 853 wtticb
831 791 859 853 is
882 809 902 852 o
927 798 1015 855 atoue
1033 790 1141 872 bridpe
1170 791 1209 871 of
1228 792 1250 853 4

145 900 272 976 creber,
293 919 372 961 neor
391 901 440 962 tbe
460 903 526 981 [ort
551 901 589 981 os
607 919 649 963 on
672 901 843 979 eminenee,
866 919 905 962 on
927 901 1027 969 robicb
1048 920 1104 969 ore
1125 901 1176 963 tbe
1197 919 1250 962 re-

143 1009 239 1071 meius
263 1010 301 1089 of
320 1011 475 1091 bembus,
497 1010 649 1091 probably
668 1010 776 1073 raised
800 1018 830 1072 to
849 1011 952 1090 paurd
973 1011 1021 1077 tbe
1038 1028 1117 1090 poss
1140 1010 1250 1092 durinp

143 1120 188 1182 tbe
211 1121 299 1182 times
322 1121 360 1201 os
374 1119 507 1183 Scottisb
532 1122 685 1183 intensiora.
735 1122 826 1182 From
846 1121 895 1183 tbe
914 1123 998 1202 torpe
1028 1120 1249 1197 eortb-worbs,

140 1231 200 1293 rott
219 1232 400 1311 remaininq,
424 1231 483 1291 tbis
505 1232 596 1308 piace
619 1231 645 1291 is
668 1231 825 1310 supposed
844 1238 874 1292 to
897 1231 977 1292 broce
1000 1230 1075 1292 been
1096 1230 1250 1293 cRooeoa
1355 1258 1359 1265 ·

87 1318 90 1421 b
141 1341 280 1403 statium.
313 1340 665 1404 ei.Camd.-Gibs.839.
703 1342 932 1404 Camdenianae
960 1341 1131 1404 sententiae
1154 1342 1248 1403 multo

143 1451 287 1515 libentius
310 1452 504 1529 accederem,
528 1468 618 1530 quam
639 1451 802 1529 biannerti,
827 1452 878 1530 qui
901 1470 929 1531 p.
948 1451 1017 1514 137.
1032 1450 1250 1515 iniraLnnco-

143 1567 204 1623 ster
239 1578 336 1641 prope
363 1560 493 1641 burgum
525 1560 655 1621 Preston
684 1561 786 1641 prauum
813 1578 904 1641 supra
936 1559 1042 1623 Ribble
1062 1560 1092 1622 b.
1115 1562 1193 1624 ostia
1218 1562 1250 1623 in

142 1671 319 1732 Laneastria
348 1671 437 1731 situm
460 1670 670 1749 quaerendum
694 1689 765 1733 csse
788 1671 929 1749 opinatus
953 1678 1017 1751 est,
1046 1676 1138 1751 atque
1159 1671 1251 1734 addi-

141 1780 201 1857 dit,
222 1779 331 1842 finibus
356 1780 531 1842 Britanniae
556 1779 677 1842 tuendis
703 1780 802 1862 magis
832 1779 992 1842 meridiem
1022 1798 1132 1843 versus
1157 1781 1249 1844 nullis

87 1950 89 1955 .
140 1889 276 1953 castellis
307 1907 383 1969 opus
415 1890 529 1967 fuisse,
555 1890 711 1971 legionem
739 1891 821 1951 onim
846 1890 925 1964 [XX.
942 1889 1114 1970 victricem]
1145 1891 1250 1953 Devae

87 1968 89 2003 Ι
141 1998 300 2076 (Cbester)
323 2017 410 2061 oram
431 1999 613 2061 maritimam
640 1998 834 2061 defendisse.
872 1999 979 2079 Neque
999 2016 1076 2060 vero
1090 1998 1247 2063 camdeno

87 2090 89 2167 b
141 2108 391 2189 subscripserim,
423 2107 576 2169 tter-toiri
592 2125 648 2189 pro
667 2105 806 2169 Virosido
830 2108 973 2186 sumenti,
999 2108 1055 2171 sed
1071 2107 1174 2171 locum
1187 2108 1251 2172 ito-

142 2236 201 2282 nae
225 2219 381 2282 aestuario
415 2218 591 2299 propiorem
616 2218 712 2281 fuisse
734 2217 931 2280 crediderim.
976 2216 1184 2282 Chaimersius
1212 2238 1249 2283 ac

142 2328 315 2409 Spmrnerus
337 2346 450 2391 nomen
474 2329 502 2389 ei
525 2328 595 2390 loco
617 2328 862 2408 adscripserunt,
883 2327 935 2389 ubi
950 2325 1177 2409 Etteuboroapb
1190 2328 1248 2406 (ci.

87 2476 89 2513 ς
139 2438 331 2519 superiorem
344 2443 467 2513 annot.)
482 2438 675 2500 recentiores
691 2435 812 2500 tabulae
826 2436 1056 2520 geographicae
1071 2437 1194 2501 babent.
1207 2470 1245 2489 -

222 2548 269 2610 De
287 2547 442 2610 universis
464 2547 651 2609 Britanniam
673 2545 843 2609 secundum
863 2546 944 2609 banc
963 2547 1109 2609 Notitiam
1131 2549 1249 2611 tuenti-

137 2654 193 2719 bus
221 2655 369 2719 militibus
400 2654 454 2719 bas
483 2657 620 2720 rationes
644 2655 823 2718 Pancirolus
852 2655 963 2718 conbei
991 2674 1085 2737 posse
1114 2659 1247 2738 putavit:

139 2766 240 2847 ,Haec
263 2770 335 2827 sunt
356 2765 511 2845 praesidia
535 2766 587 2843 37,
612 2765 757 2828 cohortes
779 2765 826 2843 lb,
851 2782 1018 2845 quaecum
1041 2767 1111 2828 unis
1132 2768 1248 2830 Nume-

137 2874 368 2939 risbiaurorum
392 2877 550 2937 continent
574 2876 670 2939 i'erme
694 2875 829 2955 peditum
844 2875 939 2938 8000.
969 2875 1138 2939 Aiaevero
1155 2877 1248 2958 quin-

138 3000 196 3065 que
228 2990 259 3048 et
288 2985 410 3047 Cuneus
433 2984 678 3047 Clibanariorum
711 2984 787 3060 [vuit
815 2986 1060 3066 Armaturarum]
1090 2986 1247 3049 minimum

138 3099 207 3157 sunt
238 3095 357 3175 equites
388 3094 460 3158 600.
515 3095 608 3157 Extra
639 3095 751 3159 lineam
773 3094 851 3157 Valli
883 3113 940 3175 per
968 3094 1156 3158 Britanniam
1181 3101 1249 3159 erat

138 3203 281 3289 legion.
297 3205 462 3267 continens
484 3205 595 3266 milites
619 3206 746 3267 circiter
769 3204 861 3284 1000,
886 3205 1011 3267 Numeri
1030 3204 1078 3285 10,
1102 3222 1180 3285 quos
1196 3205 1248 3267 in-

137 3318 289 3394 terpretor
311 3315 408 3379 fuisse
428 3320 531 3394 partes
555 3314 712 3394 legionum
736 3315 792 3376 sub
817 3313 1031 3394 praefecturis,
1055 3331 1163 3381 ornnes
1184 3331 1248 3396 po-

138 3427 236 3487 terant
262 3443 333 3487 esse
355 3424 436 3488 6000
462 3424 607 3505 peditum.
652 3424 727 3487 Tres
749 3424 884 3504 equitum
905 3422 1031 3486 ordines
1055 3424 1152 3488 ferme
1171 3423 1244 3492 300.

137 3529 258 3597 Pedites
280 3539 350 3597 sunt
373 3552 480 3596 omnes
505 3534 602 3597 ferme
629 3533 739 3597 14000.
775 3534 901 3613 Equites
921 3532 993 3597 900.
1019 3532 1071 3614 qui
1087 3532 1246 3601 merebant

139 3642 194 3705 sub
217 3644 305 3705 Duco
326 3644 357 3704 in
377 3643 544 3723 Britannia,
569 3648 693 3725 praeter
716 3661 771 3706 eos
801 3644 852 3725 qui
882 3643 912 3703 in
936 3642 1045 3707 eadem
1068 3642 1168 3708 insula
1190 3661 1245 3707 rc-

139 3753 289 3834 gebantur
310 3753 524 3832 abomitibus,
547 3760 577 3815 et
593 3759 681 3815 erant
702 3752 828 3816 circiter
850 3752 985 3833 peditum
1000 3752 1094 3832 9000,
1115 3758 1146 3816 et
1160 3752 1244 3821 mitte

139 3863 275 3943 equites,
306 3863 357 3942 qui
380 3863 470 3925 simui
501 3863 597 3924 iuneti
630 3863 767 3925 obiciunt
798 3844 896 3927 ferme
920 3862 1024 3931 03000
1047 3862 1184 3944 pedittun
1213 3869 1245 3927 et

138 3972 271 4051 equitum
286 3970 380 4035 0000.
404 3972 455 4052 qui
477 3973 660 4035 universam
671 3971 859 4034 Britanniam
880 3972 1053 4035 tuebantur.
1087 3971 1145 4035 Hic
1160 3971 1243 4037 nulia

139 4078 253 4145 blassis
268 4080 445 4145 Britannica
469 4083 655 4161 nominatur,
680 4081 766 4145 cuius
788 4082 1016 4149 iureconsultus
1036 4081 1086 4160 (in
1109 4081 1192 4145 diota
1206 4082 1240 4146 L.

138 4190 225 4259 Seius
235 4192 393 4278 46.[Dig.]
404 4193 441 4257 ad
451 4195 548 4276 [S.G.]
556 4193 705 4272 Trebeii.)
717 4193 878 4260 etTaeitas
886 4195 934 4273 (in
943 4195 998 4276 il.)
1008 4174 1241 4260 meminerunt“.
