2918 4914
105 240 1344 313 ‚dwn

105 341 109 371 i
512 323 514 327 ’
1152 312 1160 340 ⁸
1320 318 1342 383 Ι

328 408 548 457 orexxxrrrr.
563 409 603 456 nu
629 409 696 456 ruo.
716 388 816 459 102&
837 390 1114 484 tt.18...‘20·sq.
1135 374 1138 382 ’
1178 345 1266 462 785*

163 608 244 671 aucit
263 608 351 670 einer
367 606 572 696 *botaoiecben
595 608 718 670 cohorte
737 595 879 689 pertonat,
895 609 942 671 die
964 609 1004 670 tia
1025 629 1082 670 aur
1105 609 1270 691 besutaunp

162 716 240 800 rape
255 726 286 782 ut
301 719 621 807 uicusBritannomm,
632 718 1267 802 hod.Bretaenbeimpropebtoguntiacum,
1344 704 1346 708 Α

162 830 215 892 ubi
239 831 375 893 Severus
399 829 578 893 Alexander
600 829 769 893 trucidatus
793 838 854 909 est,
878 852 894 893 a
918 831 1131 894 Britannorum
1148 832 1267 895 stativis

162 941 262 1003 dictus
277 929 344 1015 est}
358 941 397 1002 de
412 957 472 1020 quo
488 941 612 1004 nomine
634 946 678 1002 tot
699 918 823 1004 errores
848 941 920 1003 olim
943 941 1052 1021 prolati
1074 948 1153 1003 sunt.
1182 942 1285 1005 Haeo,

161 1056 262 1119 castra
287 1051 399 1113 Batava
421 1049 494 1112 bod.
509 1048 630 1112 Poaaau
650 1068 720 1113 esse
739 1052 799 1114 iam
821 1051 900 1114 inter
922 1068 1028 1114 omnes
1051 1057 1187 1128 constat;
1207 1053 1268 1115 La-

160 1161 226 1223 zius
249 1159 478 1240 (Commreip.
492 1162 526 1223 R.
537 1160 601 1224 Xll.
612 1161 641 1239 6,
655 1161 701 1241 7.)
718 1161 913 1241 Orteiiusque
933 1179 989 1241 pro
1001 1161 1153 1224 Tirolensi
1178 1161 1269 1241 oppi-

161 1271 201 1333 do
235 1270 381 1341 Botrono,
405 1269 536 1350 Botaen,
559 1277 768 1352 sumpseram3
792 1272 848 1334 sert
873 1271 986 1333 deinde
1007 1271 1117 1333 Lazius
1134 1288 1200 1350 seq.
1215 1290 1268 1334 se-

161 1380 273 1443 ctionis
297 1397 363 1461 cap.
381 1382 406 1442 i.
425 1387 511 1444 recte
528 1380 602 1443 hod.
619 1379 740 1443 Patron
762 1400 832 1443 esse
857 1380 1030 1461 explicavit.
1057 1380 1268 1444 nihilominus

159 1491 218 1553 iste
247 1508 335 1553 error
360 1489 553 1554 Gotbofredo
576 1489 691 1569 oiieoit,
715 1509 782 1554 cum
806 1491 844 1553 ad
868 1492 900 1553 L.
914 1491 942 1554 3.
956 1489 1009 1554 rh.
1024 1491 1108 1553 C.de
1123 1490 1268 1554 Palatinis
1375 1495 1388 1537 s

159 1601 191 1663 S.
202 1601 234 1662 L.
245 1598 293 1661 Vt.
305 1598 356 1665 30.
366 1605 543 1663 annotaret:
558 1602 664 1680 „Forte
680 1601 853 1667 Bauzanum
869 1600 928 1663 boc
953 1599 1033 1662 idem
1049 1618 1117 1662 eum
1132 1600 1269 1681 eoquod

158 1710 190 1772 in
212 1709 325 1774 Notitia
350 1709 407 1772 sub
427 1709 513 1773 Duce
535 1710 663 1774 Rhebae
685 1710 818 1773 Botouia
838 1719 909 1791 (pro
934 1711 1102 1786 baunonia)
1126 1716 1267 1801 uocatur,

159 1820 241 1900 quod
268 1820 402 1886 Ortetius
429 1801 605 1883 indicav'iu‘.
654 1820 806 1887 Panoiroli
829 1838 939 1882 comm.
961 1821 1007 1881 sio
1032 1819 1138 1881 babet:
1164 1821 1269 1898 „Con-
1342 1814 1350 1830 ‘

158 1937 220 1994 stat
237 1930 393 1994 Bntaviam
417 1948 487 1994 esse
512 1931 651 2008 insulam,
676 1947 765 2010 quatu
788 1931 818 1991 in
844 1929 1001 1992 Oceanum
1024 1930 1122 1991 fluens
1144 1930 1269 1993 Rhenus

159 2039 264 2118 efficit,
288 2048 370 2103 nuno
390 2038 555 2102 Hotlandia
576 2046 720 2117 vocatur,
744 2039 826 2101 unde
849 2044 915 2101 erat
938 2038 1017 2100 baec
1041 2038 1156 2100 cohors
1179 2038 1269 2102 dele-

159 2156 219 2226 cta,
243 2165 320 2229 quoe
343 2150 413 2211 loeo
435 2149 488 2212 ubi
510 2149 667 2212 residebat
690 2166 801 2211 nomen
825 2147 930 2210 dedit?
953 2146 1088 2209 batavos
1101 2149 1182 2209 enim
1199 2153 1269 2209 tan-

159 2276 248 2341 quam
272 2259 454 2322 Batavorum
477 2260 640 2322 stationem
659 2258 866 2339 appellarunt;
888 2256 937 2318 vet
961 2256 1040 2318 torto
1062 2257 1129 2335 ipsa
1152 2256 1190 2318 ab
1207 2257 1268 2319 hoo

157 2370 230 2434 loco
253 2375 300 2433 est
322 2368 547 2432 denomin'ata“.
592 2369 638 2431 Ex
661 2368 822 2431 Germanis
847 2364 1031 2429 Germanice
1053 2365 1154 2428 doctis
1175 2384 1265 2429 nemo

157 2482 251 2547 facile
272 2480 429 2562 ignorabit
452 2479 509 2542 bos
531 2497 658 2542 versus:

477 2647 479 2651 ,
602 2654 603 2657 ¹
749 2589 883 2643 Swemmet
897 2595 973 2672 'ritate
993 2589 1024 2638 rto
1044 2588 1128 2655 taqua

259 2687 293 2738 dut
312 2703 341 2737 er
360 2688 417 2738 aine
435 2702 505 2753 ωερε
524 2695 595 2750 eant,
748 2689 783 2753 etp*
797 2688 825 2737 in
844 2686 890 2737 ater
910 2686 987 2737 Reter
1006 2686 1079 2736 tunt:

258 2799 317 2834 wan
337 2782 371 2833 dd
390 2784 432 2850 pie
451 2784 493 2833 sin
510 2784 597 2833 stratae
616 2782 669 2834 iria.
749 2783 877 2834 zwisalten
901 2783 1026 2833 Tuonoaoe
1045 2791 1093 2834 ant
1113 2783 1170 2833 dem
1190 2782 1222 2834 ln

257 2878 325 2932 aava
344 2881 388 2930 eia
409 2878 475 2931 attia
493 2879 556 2931 burc
575 2881 643 2931 atat:
746 2880 873 2931 'Parzowe
893 2878 943 2931 den
965 2895 1061 2930 namen
1080 2878 1145 2930 tae:

259 2977 293 3028 dri
313 2993 357 3028 aaa
376 2978 418 3028 ein
436 2977 510 3028 eicite
529 2977 645 3044 tectos:
753 2978 796 3027 ain
810 2976 860 3039 lob,
880 2979 923 3027 sin
942 2978 996 3040 ere,
1015 2958 1058 3027 riri
1077 2976 1127 3042 bof

260 3076 351 3126 wutron
369 3081 449 3128 wtten
468 3073 572 3142 tabant.
757 3075 803 3124 der
823 3090 877 3126 aas
897 3073 1005 3142 Pitprim
1022 3081 1129 3141 panant.

860 3170 913 3222 otu
922 3170 1013 3238 ⁴Ktapa
1032 3172 1081 3236 pp.
1093 3165 1169 3222 1642.
1179 3185 1235 3238 sqq.

128 3328 130 3332 ,
243 3303 283 3317 --
295 3269 340 3343 bt.
355 3269 406 3331 90.
420 3278 481 3348 sp]
505 3266 622 3330 Brutor
640 3270 679 3346 a,
696 3268 865 3331 Brittorum
876 3260 1081 3350 beneberti,
1105 3264 1267 3327 Britoaum

155 3393 203 3438 oo.
235 3379 281 3441 Ex
295 3376 407 3439 truita
430 3379 542 3441 sactum
568 3385 635 3440 orat
657 3374 785 3441 brittb‘ai.
828 3380 1026 3442 Panciroius:
1050 3378 1125 3456 „Pro
1147 3376 1266 3438 Britto-

156 3505 225 3549 ram
247 3488 592 3570 repetentiumque
614 3494 684 3549 sunt
709 3489 812 3569 popuii
838 3488 956 3551 Galliae
976 3487 1182 3572 [Bretopae],
1214 3494 1266 3552 aut

157 3590 276 3661 insulae
299 3598 476 3662 Britanniae
497 3570 564 3661 sire
584 3597 745 3679 Angtiaess.
771 3598 940 3663 Brittonum
955 3597 1033 3661 haee
1057 3615 1116 3660 una
1138 3599 1264 3677 cohors,

155 3727 279 3791 unaque
301 3709 366 3787 ata,
391 3715 514 3790 quarta,
539 3708 708 3770 eorundem
731 3718 774 3788 (p.
788 3709 837 3770 75.
851 3709 920 3771 Not.
935 3709 1006 3784 Or.)
1028 3709 1087 3771 boe
1112 3709 1190 3770 libro
1211 3728 1265 3773 re-
1350 3767 1353 3772 ,

156 3826 331 3882 censentur.
364 3819 509 3882 Eiusdem
518 3818 639 3882 Tertiae
655 3818 799 3880 Cohortis
823 3817 950 3898 eiusque
966 3818 1115 3898 praefecti
1128 3818 1161 3884 Τ.
1170 3819 1265 3881 Flavii

157 3930 269 3992 Felicis
295 3930 431 3992 meminit
456 3929 546 3991 etiam
569 3929 646 4010 lapis
670 3929 719 4010 qui
743 3929 888 3992 Aventini
913 3929 1100 4010 temporibus
1124 3931 1153 3990 in
1178 3945 1264 3992 muro

158 4041 312 4104 ecelesiae
337 4041 398 4102 vici
416 4039 527 4120 Eininp
546 4058 642 4121 prope
660 4039 837 4119 Abenaberp
856 4041 924 4116 tuit,
949 4058 1028 4101 nuno
1043 4057 1118 4103 roro
1133 4041 1265 4120 periisse

159 4150 281 4212 videtur
303 4148 361 4226 (oi.
377 4149 495 4213 Raiser.
509 4149 557 4212 tii.
570 4169 599 4231 p.
612 4148 692 4227 34),
718 4167 868 4230 quemquo
892 4150 1011 4212 Gruter.
1026 4152 1075 4227 at,
1091 4151 1119 4212 7.
1137 4151 1183 4212 sio
1206 4150 1266 4210 rto-

161 4260 221 4322 tiit:
248 4285 328 4323 runo.
345 4285 374 4322 a.
392 4286 438 4323 er.
463 4286 568 4326 minen.
592 4287 644 4324 sac
664 4261 670 4347 Ι
691 4284 938 4342 canro.cou.nr.
955 4284 1030 4323 anrr.
1048 4284 1130 4322 nanu
1152 4265 1157 4341 Ι
1177 4280 1205 4319 r.
1219 4280 1265 4320 ru.

161 4395 257 4433 eatrx.
284 4394 385 4434 entur.
418 4396 449 4433 ΕΙ
470 4376 476 4455 Ι
496 4396 585 4434 vom.
609 4396 722 4435 POSVH'.
748 4397 774 4434 t.
797 4396 818 4432 Μ
838 4375 844 4457 Ι
866 4393 1041 4435 ὓΕὓΙῦΑἨΤ.
1074 4393 1146 4433 nat.
1175 4390 1232 4431 ΒΕΘ
1257 4379 1263 4455 Ι

1319 4503 1341 4572 t

105 4573 1348 4622 πωνή
