2918 4914
248 379 360 455 1078*
375 400 1346 457 aanor.nnnonocccnmrnrmrrosrrnrrrmaurannus.

245 601 381 664 ctoribus
405 601 552 663 admistos
575 619 653 666 esso.
699 603 746 664 De
772 600 900 665 aliorum
922 603 1128 666 recentiorum
1142 601 1349 666 Germanico-

183 762 186 783 ,
244 728 310 773 rum
334 710 527 791 scriptorum,
548 711 695 792 imprimis
719 711 845 792 Zumptii
867 711 1043 793 Sybeliique
1065 713 1225 775 sententiis
1247 729 1351 793 quan-

183 886 186 897 ,
245 825 305 884 tum
328 821 417 885 huius
440 823 587 902 propositi
611 824 708 886 nostri
731 824 809 886 ratio
829 823 956 903 patitur,
981 825 1154 887 accuratius
1180 841 1273 905 supra
1300 823 1351 884 di-
1410 861 1413 883 2

183 914 187 961 ³
244 931 354 995 ximus.
409 932 457 994 Ad
494 932 687 1017 Belgicamm
716 933 1007 1014 Ftandricarumque
1041 952 1142 998 rerum
1179 935 1349 1014 scriptores
1410 896 1414 1055 1

245 1041 404 1122 respicere
426 1048 575 1122 superest.
609 1060 737 1123 quorum
762 1042 910 1105 librorum
940 1043 1021 1124 quad
1045 1062 1107 1106 uon
1138 1045 1266 1107 maioris
1289 1061 1353 1106 nu·
1410 1062 1414 1135 p

245 1152 322 1214 meri
348 1150 419 1213 milri
447 1151 536 1232 copia
558 1157 604 1214 est
627 1152 829 1233 inspiciendi,
858 1172 897 1215 ex
920 1171 957 1214 eo
980 1153 1033 1216 vix
1059 1153 1274 1217 detrimentum
1297 1152 1351 1217 hic
1410 1142 1414 1235 ξ

245 1262 482 1324 commentarius
504 1262 623 1342 capiet:
648 1280 718 1324 nam
744 1280 821 1343 quos
844 1263 969 1342 contuli,
993 1281 1099 1326 omnes
1121 1270 1173 1328 aut
1194 1264 1353 1327 delaeto-
1411 1248 1414 1361 j

246 1388 312 1434 rum
341 1371 370 1431 in
394 1371 539 1433 Romanis
571 1373 740 1452 provinciis
763 1372 935 1436 sedentium
958 1373 1209 1455 militantiumquo
1233 1373 1353 1437 condi·
1411 1364 1414 1423 ἶ

247 1481 337 1544 cione
361 1498 423 1542 non
447 1489 588 1562 egerunt,
606 1490 656 1546 aut
677 1484 715 1546 iis
731 1483 888 1546 erroribus
906 1483 1014 1566 quihus
1035 1485 1205 1547 refutandis
1222 1501 1353 1565 operam

246 1590 396 1670 dedimus,
424 1591 536 1654 lavent.
581 1594 749 1656 Bucherius
767 1597 805 1633 ¹²⁰
827 1593 901 1656 nihil
925 1595 964 1656 de
987 1594 1077 1657 Laetis
1100 1595 1190 1675 ipsis,
1214 1600 1287 1675 puto
1311 1595 1353 1658 dc
1410 1562 1415 1643 ΙΙ

245 1700 409 1778 vocabulo,
432 1702 570 1783 origine,
594 1703 781 1768 condicione
811 1712 902 1787 atque
926 1704 1074 1783 historia,
1105 1703 1160 1766 sed
1190 1704 1351 1768 nonnulla
1410 1784 1413 1811 Ι

184 1878 187 1885 ,
247 1810 286 1873 de
309 1812 434 1874 sedibus
458 1830 563 1876 eorum
587 1815 729 1894 protulit,
757 1833 834 1897 quac
864 1815 916 1876 ubi
945 1832 1021 1895 opus
1045 1815 1144 1877 visum
1164 1819 1227 1893 est,
1255 1813 1352 1877 adiri·
1409 1820 1412 1897 g

185 1922 188 1939 '
245 1921 374 1984 buirnus.
419 1920 490 1984 Post
509 1923 590 1985 lrunc
615 1931 644 1987 et
673 1925 893 1988 Gotholrednm
922 1925 1010 1987 Alex.
1027 1923 1241 2001 Wilthemius,
1277 1925 1353 1987 item
1409 1936 1413 2018 ὲ

247 2049 313 2094 soc.
332 2033 399 2095 lesu
423 2034 594 2113 sacerdos,
625 2034 951 2116 Lucilimhurgensium
975 2033 1047 2096 libri
1067 2032 1352 2114 tr.capue11.,‚ce
1410 2044 1413 2105 t

185 2128 190 2231 ξ
246 2141 335 2206 Laetis
357 2142 627 2226 ‹tiuuseeegttut
673 2145 810 2208 Gentiles
832 2143 1002 2207 secundum
1024 2142 1247 2207 Gotholredum
1271 2143 1353 2206 deti-
1404 2152 1413 2247 'p

184 2248 189 2385 J
248 2253 292 2314 nit
314 2252 446 2315 domitos
467 2253 549 2317 bello
572 2254 733 2333 barbaros,
750 2254 908 2318 deditione
929 2260 1075 2335 acceptos
1096 2259 1186 2334 atque
1203 2254 1233 2314 in
1249 2252 1353 2317 solum
1409 2232 1412 2267 '

247 2364 333 2426 Rom.
349 2364 515 2441 traductos,
530 2383 622 2449 agros
640 2366 681 2427 ibi
695 2364 834 2446 publicos
854 2381 942 2427 arare
957 2364 1072 2442 iussos,
1096 2381 1157 2425 non
1173 2362 1352 2445 religionis,
1408 2382 1411 2459 ᾗ

247 2472 302 2537 sed
323 2474 473 2538 barbarae
491 2476 620 2558 originis
636 2480 779 2556 respectu
796 2475 836 2536 ita
849 2474 965 2549 dictos;
987 2473 1065 2536 alios
1085 2479 1185 2536 autem
1197 2472 1352 2536 barbaros
1407 2478 1410 2547 l

246 2582 325 2646 ultro
339 2585 424 2647 Rom.
440 2591 565 2648 secutos
590 2586 753 2662 fortunam,
775 2584 879 2664 patriis
902 2582 1019 2645 relictis
1035 2583 1162 2645 sedibus
1185 2583 1353 2647 traiecisse
1406 2622 1410 2711 Ι

246 2693 383 2781 Rhenum
414 2695 515 2774 ibique
543 2697 574 2756 in
605 2695 774 2758 Romsolo
801 2699 1027 2756 commorantes
1059 2699 1157 2756 terras
1186 2691 1353 2772 accepisse
1406 2718 1409 2749 r

246 2801 368 2883 publico
383 2802 539 2881 colendas,
554 2805 674 2884 hosque
690 2806 789 2867 Laelos
812 2803 989 2885 plerumque
1012 2801 1179 2883 appellatos
1194 2820 1265 2864 esse
1274 2823 1283 2879 3
1295 2819 1355 2865 eo·
1405 2788 1408 2805 ²

246 2932 312 2976 rum
329 2913 537 2993 posteritatem
552 2914 674 2977 Zosimo
688 2915 799 2977 dictam
814 2931 885 2976 esse
901 2912 1048 2976 Gallicam
1063 2913 1229 2988 nationem,
1242 2928 1355 2993 quam·
1408 2936 1411 2991 ς

246 3041 335 3105 quam
360 3029 427 3085 ortu
451 3022 602 3088 Germana
617 3025 735 3088 luisset.
769 3023 881 3086 deinde
902 3023 1041 3085 Eumenii
1063 3028 1092 3084 et
1114 3021 1248 3085 Notitiae
1273 3021 1354 3085 locis
1409 3088 1413 3113 ι

246 3133 402 3213 exhibitis,
417 3132 466 3196 cui
489 3134 566 3197 inter
589 3134 666 3197 alios
684 3133 761 3197 male
773 3132 992 3194 Laeta'Gcntites
1009 3131 1102 3194 Soeca‘
1121 3131 1353 3209 adscribuntur,
1405 3152 1413 3211 ,·

245 3245 326 3308 benc
338 3245 453 3324 ,Laetos
470 3262 531 3307 non
546 3245 667 3326 quidem
684 3251 806 3327 gentem
824 3243 955 3323 aliquam
973 3245 1126 3323 propriam
1143 3240 1354 3322 peculiarem·
1406 3282 1410 3359 1

246 3371 305 3434 que
338 3355 557 3432 constituisse,
590 3356 649 3417 inno
676 3373 735 3415 nec
765 3353 866 3435 gentis
891 3357 1006 3431 partem
1033 3351 1268 3431 portionemve,
1295 3351 1354 3414 sed
1412 3340 1414 3351 '

248 3468 351 3526 certae
375 3464 561 3527 conditionis
585 3471 615 3527 et
635 3466 682 3526 sui
705 3465 781 3526 iuris
803 3462 952 3526 formulae
975 3461 1070 3524 luisse
1088 3461 1247 3524 homines“
1260 3461 1352 3524 dixit.
1413 3450 1416 3511 ἶ

245 3575 365 3639 Nomen
386 3577 535 3639 Laetorunr
560 3575 651 3638 etiam
665 3573 859 3637 wilhemus
884 3590 951 3634 cum
969 3572 1073 3649 Lintis,
1097 3570 1252 3634 Leudibus
1270 3588 1353 3634 con·
1408 3596 1417 3652 ·[

247 3682 338 3761 ludit,
370 3702 470 3764 neque
500 3682 591 3745 ullum
621 3683 788 3746 discrimen
821 3683 900 3744 inter
932 3679 1020 3743 locos
1047 3680 1085 3743 de
1108 3678 1226 3741 colonis
1250 3697 1355 3762 agen-
1408 3644 1418 3783 [j

247 3798 293 3854 tes
318 3809 433 3873 eosque
455 3793 505 3873 qui
526 3793 565 3854 de
586 3792 676 3855 Laetis
697 3798 777 3870 sunt,
802 3792 883 3854 lecit.
929 3789 1065 3874 Singulis
1087 3789 1236 3851 Laetornm
1256 3807 1354 3868 prae·
1415 3866 1418 3891 Ι

247 3901 346 3979 sidiis,
370 3902 499 3985 singulis
524 3902 689 3983 praelectis
712 3902 853 3979 subditis,
876 3901 904 3963 Μ
926 3906 975 3963 aut
999 3900 1054 3963 llll)
1076 3900 1159 3961 viros
1183 3897 1351 3960 adscribit:
1416 3964 1418 3979 ¹

251 4048 708 4074 m...-
1415 3988 1419 4091 l

349 4181 392 4243 ¹¹⁰)
415 4175 491 4244 Belg.
506 4177 582 4228 llum.
595 4179 670 4231 1655.
684 4177 804 4230 tinxvt.
818 4195 875 4246 cap.
887 4179 924 4242 5.,
943 4177 986 4228 nbi
1010 4175 1134 4228 Notitiam
1155 4176 1217 4240 imp.
1231 4176 1302 4227 circa
1324 4192 1349 4227 a.
1415 4222 1418 4257 Ξ

248 4273 309 4324 ddi.
321 4281 346 4323 et
360 4274 423 4326 438.
435 4273 531 4325 editam
551 4289 610 4326 esse
632 4276 812 4328 demonstrare
835 4276 934 4339 voluit,
953 4274 985 4327 de
1007 4289 1059 4342 quo
1080 4287 1169 4325 errore
1188 4286 1266 4338 supra
1286 4274 1352 4325 satis
1408 4264 1417 4345 p

250 4369 607 4440 cgianus.ct.p.1021'.aq.
713 4376 757 4448 ¹²¹)
778 4372 958 4428 vidnoctc.
1408 4356 1412 4401 ⁸

177 4420 1422 4607 cml
