2918 4914
326 404 564 467 cne.xuv1.¹nu
589 415 658 463 rto.
674 392 751 484 89).

121 612 176 675 reis
200 611 364 693 praesidiis
393 613 588 693 imperitaret.
638 612 683 676 Be
713 612 811 693 copiis
843 630 922 695 quae
950 606 1088 677 vetor'urn

121 722 174 786 niis
193 723 317 803 probari
339 730 482 804 possunt,
504 722 701 803 protulimus3
719 718 898 786 Pancirolu‘s
915 723 955 786 de
979 721 1089 787 iisdem

121 813 274 896 onotanit:
305 834 434 914 „Comes
456 834 631 896 Britanniae
660 835 692 895 in
719 832 864 897 inferiori
896 839 927 896 et
949 832 1089 896 Secunda

120 943 148 1006 la
183 943 254 1006 olim
283 943 416 1025 degebat
446 962 514 1006 cum
542 944 634 1008 Sexta
655 943 814 1025 Legione,
844 960 934 1025 quom
964 942 1002 1005 ab
1024 943 1092 1005 llu-

121 1054 237 1136 nSpria
258 1052 401 1132 locatam,
426 1053 538 1117 deinde
559 1054 590 1116 in
611 1054 686 1117 duas
708 1053 837 1116 divisam
859 1059 889 1116 et
910 1053 1038 1117 alteram
1058 1052 1091 1114 in

121 1162 179 1227 iam
199 1164 323 1227 missam
347 1163 442 1227 luisse
461 1163 542 1225 Dion
561 1163 669 1227 scribit
689 1162 740 1225 lib.
754 1163 813 1226 LV.
842 1162 960 1242 Altero,
983 1163 1089 1244 inquit,

130 1273 280 1354 appellata
310 1274 342 1336 in
371 1273 520 1337 inferiore
538 1274 694 1337 Britannia
724 1274 905 1336 excubabat.
957 1273 996 1336 lli
1022 1278 1092 1336 sunt

121 1384 211 1447 'otitia
233 1384 374 1448 Victores
398 1384 537 1447 iuniores
551 1383 772 1453 Britannieiani
795 1383 876 1447 inter
895 1383 975 1447 LXV
989 1382 1092 1447 Auxi-

121 1494 190 1557 ntina
210 1495 348 1577 Magistri
369 1495 503 1575 peditum
528 1495 735 1574 inpraesenti
757 1499 924 1573 vocantur,
949 1499 1091 1574 etsupra

121 1604 262 1687 ntalogum
285 1604 518 1667 vexillationum
548 1603 603 1668 sub
636 1604 695 1666 boo
718 1604 834 1666 connita
863 1602 1012 1666 militasse
1041 1601 1092 1664 di-

161 1713 320 1777 Merebant
351 1714 407 1776 sub
431 1713 541 1776 eodem
564 1713 682 1776 comite
713 1712 793 1776 aliae
826 1712 904 1776 duae
925 1712 1091 1801 Legiones

121 1822 223 1885 iunior
250 1824 317 1887 sive
338 1824 470 1887 Primani
493 1823 653 1902 luniores,
683 1823 734 1904 qui
758 1822 865 1886 nullibi
887 1821 919 1885 in
942 1818 1091 1904 catalogo

121 1986 123 1994 ,
146 1932 283 2014 Magistri
304 1934 437 2014 peditum
463 1933 676 2013 reperiuntur,
698 1933 758 1995 nisi
781 1934 843 1996 sint
865 1933 964 1996 Prima
988 1932 1092 2013 Flavia

121 2060 161 2104 rra
183 2042 335 2121 Maxima,
368 2062 385 2105 a
413 2043 545 2106 Maximo
567 2042 723 2106 Clemente
753 2043 795 2104 ibi
815 2044 956 2124 Augusto
986 2047 1091 2105 creato

121 2170 152 2215 a.
197 2151 303 2214 Altera
325 2151 415 2233 ‘legio
437 2157 503 2214 erat
524 2151 666 2216 Secunda
686 2151 862 2214 Britannica
884 2152 951 2215 sive
972 2151 1092 2215 Secun-

121 2262 168 2325 ino
192 2281 231 2324 ex
252 2261 427 2343 legionibus
448 2262 704 2325 Comitatensibns
725 2262 839 2326 XXXII
865 2262 922 2326 sub
942 2261 1091 2343 Magistro

121 2390 139 2434 r.
182 2371 281 2434 Aliam
304 2372 393 2434 Pictis
410 2372 573 2435 Britannos
596 2372 809 2435 infestantibus
831 2371 987 2454 legionem
1008 2372 1092 2435 mili-

135 2483 274 2546 Honorio
298 2483 421 2545 missam
437 2483 541 2546 hostes
559 2483 709 2564 repulisse
719 2483 828 2546 Paulus
841 2483 998 2547 Diaconos
1012 2482 1095 2567 scri·
1186 2456 1190 2476 ι

121 2608 149 2656 re
172 2593 214 2655 ibi
237 2610 301 2654 non
323 2593 443 2656 mansit.
494 2594 634 2674 Equitum
662 2611 783 2675 quoque
805 2594 846 2657 Vl
874 2593 1093 2657 vexillationes
1189 2640 1199 2657 t

121 2720 175 2767 nes
199 2703 348 2785 regebat,
371 2702 518 2766 videlicet
546 2703 672 2785 Equites
695 2704 964 2785 cataphractarios
986 2703 1095 2767 lunio-

120 2814 128 2877 i
151 2832 214 2876 non
235 2814 430 2894 reperiuntur
446 2815 477 2875 in
493 2814 563 2876 albo
585 2813 821 2878 Vexillationum
841 2815 982 2898 Magistri
1004 2814 1094 2896 equi-

131 2925 284 3004 praesenti
299 2925 453 3004 ;'Eqnites
468 2925 626 2988 Scutarios
638 2924 833 3004 Aurelianos,
859 2925 909 3006 qui
931 2931 1020 2988 erant
1032 2942 1094 2987 una

121 3034 171 3097 Xll
202 3033 456 3097 Vexillationibns
486 3034 743 3098 Cornitatensibus
774 3034 912 3098 eiusdem
943 3035 1093 3118 Magistri,

121 3151 127 3205 t
148 3151 323 3224 sequentes,
346 3143 491 3206 videlicet
511 3145 681 3207 Honoriani
704 3144 851 3207 Seniores
865 3144 1048 3208 Stablesiuni
1064 3152 1095 3207 et

121 3254 149 3315 ui
173 3255 203 3315 ln
227 3253 369 3335 catalogo
390 3254 626 3317 Vexillationum
646 3254 785 3337 Magistri
808 3255 941 3334 equitnm
962 3272 1025 3317 non
1047 3255 1095 3318 le-

138 3369 168 3425 et
188 3381 278 3442 supra
300 3358 356 3426 sub
379 3363 439 3425 hoc
461 3363 579 3426 Comite
600 3363 750 3426 meruisse
773 3362 959 3425 scribuntur.
1002 3363 1095 3427 Potc-
1158 3430 1162 3453 Ι

122 3489 157 3533 se
179 3471 297 3551 equites
320 3470 393 3549 600,
416 3471 534 3552 pedites
557 3470 717 3535 3000.“-
735 3471 913 3548 Gratianum¹
934 3471 1093 3552 maiorem,

121 3581 198 3643 niani
223 3581 293 3661 imp.
309 3588 436 3662 patrem,
461 3581 651 3656 comitivam¹
662 3582 709 3645 rei
732 3581 872 3644 militaris
895 3601 951 3664 per
972 3582 1094 3651 Britan-

121 3690 168 3752 lim
185 3691 323 3772 gessisse
345 3663 436 3772 supia
460 3691 620 3771 (pedit)
638 3709 676 3752 ex
698 3690 862 3754 Ammiano
884 3690 1013 3756 relatum
1035 3700 1092 3774 est,
1134 3707 1135 3712 ’

131 3819 158 3863 a.
172 3800 243 3863 368.
257 3800 396 3878 (XXVll.
406 3800 435 3880 3,
445 3801 493 3881 t.)
506 3800 545 3864 de
567 3800 742 3863 Theodosio
767 3818 889 3882 quoque
910 3820 979 3865 cum
1002 3823 1095 3867 exer-

130 3910 315 3974 Britanniam
337 3912 432 3974 misso
456 3911 575 3974 loeutus
599 3916 655 3989 est,
677 3910 734 3974 sed
749 3927 812 3973 non
833 3911 970 3975 indicato
987 3912 1093 3995 digni-

121 4020 221 4085 titaris
244 4021 352 4102 gradu.
385 4023 445 4084 alia
468 4022 641 4086 eiusmodi
666 4021 815 4085 Comitum
835 4022 959 4087 nonnina
973 4042 1093 4087 momo-

121 4131 187 4210 qnod
211 4133 294 4209 scio,
320 4148 383 4193 non
404 4138 475 4194 sunt
495 4133 626 4213 prodita.

140 4242 167 4316 i.
192 4244 235 4323 B]
259 4241 366 4324 Comes
377 4240 543 4323 ¹Britonioc
562 4242 599 4324 d,
621 4242 781 4308 Britooaie
801 4241 838 4309 Ε.
853 4281 894 4294 -
907 4242 1031 4325 duaque
1044 4244 1091 4305 in·

125 4351 196 4414 add.
219 4369 255 4415 tt.

121 4568 1104 4601 w
