2918 4914
95 244 1318 300 *me

341 417 556 470 caraman.
592 349 632 465 ia
658 392 1022 490 ma.109*·tp.1.eq.
1152 394 1240 466 839*
1296 297 1317 364 Α

138 548 258 562 ...η-..ω
588 548 741 556 ..Ἀ-μ...
752 549 756 553 -
767 548 866 556 ------·-
872 546 1205 556 -—.-›·------—---—-
1219 547 1246 555 -l

145 615 263 678 bricam
284 633 396 679 nomen
412 633 482 680 esse
504 631 567 677 non
587 614 730 692 fluminis,
754 612 811 675 sed
826 614 888 676 loci
912 615 942 676 in
965 631 1025 695 qno
1049 614 1158 678 classis
1178 593 1246 678 sta*-

140 726 213 804 bat‚
236 725 377 789 nimirum
408 723 553 803 Samiae,
577 724 627 805 qui
651 729 697 786 est
723 722 810 785 locas
834 723 874 785 ad
899 741 984 787 mare
1007 741 1070 787 non
1092 725 1200 806 procul
1227 742 1245 787 a

140 835 292 899 Montibus
319 835 359 897 S..
370 833 567 916 Angulani,
598 833 679 894 inter
700 831 882 895 Witsantom
909 839 939 895 et
971 834 1162 917 Sanamem,
1188 833 1246 898 sed

140 962 210 1008 eam
240 944 523 1025 interpretationem
552 944 648 1006 verba
671 942 805 1006 Notitiae
838 943 921 1006 serre
945 940 1009 1007 non
1039 952 1167 1026 possunt
1195 951 1247 1009 ant

143 1071 255 1136 capere
264 1100 361 1116 .....
390 1054 423 1116 ln
450 1054 542 1117 codd.
564 1054 711 1133 scriptum
741 1053 893 1133 reperitur
924 1052 1103 1136 Praefectus
1134 1054 1245 1118 claram

141 1163 324 1228 Lambriaca
347 1164 379 1225 ia
400 1166 467 1226 ioco
489 1163 647 1239 Quaterni.
692 1163 754 1226 Sed
773 1162 968 1226 Lombmcam
989 1171 1019 1228 et
1041 1166 1140 1228 locam
1156 1156 1246 1241 Qas-

141 1275 220 1337 tarai
241 1275 391 1358 ignorare
408 1292 458 1337 me
479 1262 593 1338 fateor}
618 1273 677 1337 nisi
699 1272 1122 1340 iorteLambrioa'sitBrico
1135 1274 1245 1355 (Brio-

140 1395 213 1467 pae)
238 1385 325 1449 locus
348 1385 388 1447 ad
417 1403 502 1449 arare
532 1385 612 1447 inter
632 1382 764 1447 Alteiam
794 1390 824 1448 et
846 1385 1010 1461 Quantiam
1032 1387 1161 1465 darios,
1191 1387 1247 1450 sed

142 1497 293 1572 Quantiae
317 1495 412 1558 multo
435 1495 562 1577 propior
583 1512 674 1576 qnam
696 1493 835 1558 Alteiae.
848 1502 875 1557 .“
900 1496 1029 1559 sedhic
1052 1496 1248 1560 obliviscitur

141 1606 284 1670 Valesius
311 1606 393 1687 aliod
412 1605 514 1686 paullo
536 1611 607 1668 ante
627 1609 713 1668 recte
736 1604 853 1667 monuit
874 1606 956 1686 ipse,
979 1606 1070 1669 talem
1093 1606 1248 1687 interpre-
1345 1628 1363 1663 0.

141 1717 301 1795 tationem,
327 1714 510 1778 Lambricae
533 1733 595 1796 pro
610 1714 735 1778 nomine
756 1714 830 1793 loci,
853 1732 915 1778 non
937 1733 992 1796 pro
1016 1715 1171 1779 adieetivo
1194 1734 1250 1779 su-

141 1833 274 1891 mentem
304 1826 381 1906 ipsis
412 1825 546 1889 Notitiae
574 1824 681 1888 verbis
709 1824 849 1887 refutari.
901 1825 999 1888 Sanso
1031 1844 1098 1889 curn
1122 1825 1246 1889 Valesio

136 1935 321 2000 §ambacuc
344 1935 383 1998 de
412 1935 513 1997 classe
538 1934 682 1999 Suminae
707 1934 924 2034 interpretatas
954 1936 1069 1999 Locum
1093 1936 1250 2009 Quarten-

141 2064 207 2110 sem
234 2047 264 2107 in
287 2045 400 2125 oppido
425 2044 538 2124 Grotop
561 2043 600 2106 ad
624 2043 763 2106 dextram
783 2044 927 2111 Summae
948 2045 978 2106 in
1000 2063 1085 2107 mare
1107 2044 1248 2107 exeuntis

142 2158 241 2237 ripam
263 2155 390 2217 condito
411 2153 554 2233 (deptde
573 2154 605 2214 la
625 2153 759 2229 Somne,
786 2151 826 2215 cf.
843 2153 978 2217 Cannab.
991 2172 1021 2235 p.
1034 2153 1121 2230 195.)
1142 2154 1249 2236 quaeri

142 2266 247 2329 voluit.
294 2264 440 2342 0rtelius‚
463 2271 496 2326 ut
519 2263 606 2325 Brua.
618 2263 646 2326 la
665 2264 752 2326 llarl.
768 2283 797 2326 v.
807 2261 991 2338 Quartensis
1005 2270 1037 2327 et
1057 2263 1248 2327 D'Anvillius

141 2376 290 2451 referunt,
314 2374 403 2436 locos
420 2375 622 2448 Quartensem
642 2372 675 2434 in
695 2371 768 2435 hod.
789 2371 872 2434 Wert
884 2372 1034 2454 Μανῆ,
1054 2373 1248 2437 llornensem

144 2485 176 2548 ia
189 2484 262 2547 hod.
273 2482 361 2545 liora
371 2501 399 2546 s.
409 2482 516 2545 lloora
528 2484 689 2564 quaesivit,
714 2484 842 2564 quirici
856 2490 928 2548 sunt
950 2483 989 2546 ad
1008 2484 1128 2548 laeram
1142 2486 1249 2550 Mosae

114 2584 117 2588 ”
142 2597 172 2659 il.
191 2597 222 2657 in
242 2594 451 2658 Neerlandico
477 2594 636 2658 territorio
656 2593 881 2678 Limburgensi‚
904 2594 960 2657 sed
982 2612 1045 2658 non
1069 2613 1166 2676 prope
1189 2597 1251 2659 llu-

143 2723 223 2782 men,
234 2710 266 2767 ut
285 2703 395 2767 classis
417 2703 458 2765 ibi
481 2704 644 2767 stationem
661 2702 808 2767 habuisse
828 2703 937 2784 possit,
954 2722 1056 2785 neque
1073 2705 1105 2767 ia
1121 2705 1250 2790 Belgica

145 2815 301 2891 Secunda,
319 2813 373 2877 sed
398 2814 429 2876 in
447 2813 610 2877 Germania
633 2814 793 2890 Secunda3
815 2820 907 2895 atque
927 2813 987 2877 hoc
1009 2814 1133 2896 quidem
1157 2817 1249 2881 eliam

142 2923 337 2989 D'Aavillins
358 2929 443 2986 recte
465 2925 653 3002 observavit,
675 2924 706 2986 in
730 2924 817 2986 ouius
837 2929 939 2987 tauma
965 2925 1025 2987 tab.
1042 2942 1154 3009 geogr.
1170 2925 1247 2990 Gall.

143 3040 203 3097 ant.
216 3031 388 3094 Horaenais
410 3032 496 3094 locas
520 3033 559 3095 ad
581 3032 695 3096 Sabim'
709 3033 854 3113 quidem,
876 3033 931 3096 sed
963 3035 1043 3097 intra
1067 3033 1249 3100 Germaniae

141 3143 305 3209 Secundae
326 3142 402 3205 fines
425 3141 594 3204 collocatus
616 3148 673 3221 est,
688 3143 826 3223 quaarris
845 3144 912 3223 ipse
926 3161 955 3224 p.
968 3143 1040 3209 373.
1053 3145 1247 3226 scripsisset:
1326 3216 1329 3223 ,

142 3252 208 3333 „La
227 3251 363 3331 position
387 3251 427 3312 da
448 3251 533 3311 loona
559 3251 741 3324 Quartensis
764 3257 809 3312 est
828 3252 909 3331 ficio
930 3251 1248 3336 indubitabiemeatsl]

142 3362 164 3425 d
184 3362 299 3438 Quarta
326 3377 383 3421 rar
408 3359 440 3420 lo
461 3357 600 3421 Samira.
622 3359 684 3422 rid.
698 3378 727 3440 p.
744 3361 816 3424 537.
838 3359 881 3422 Le
906 3361 1077 3425 Hornensis
1103 3380 1142 3424 ae
1163 3362 1250 3425 m'est

141 3489 204 3552 poe
227 3488 327 3532 canna
348 3470 439 3531 d’ane
459 3468 597 3532 muniere
619 3469 706 3531 aaaai
726 3469 859 3548 peritiae
865 3489 878 3543 ,·
909 3475 939 3531 et
961 3471 1035 3532 c'est
1057 3488 1121 3550 por
1141 3473 1247 3552 corle.

146 3586 232 3643 ctare
253 3581 342 3659 pa'ea
363 3580 542 3641 examinant
571 3578 614 3640 les
643 3577 727 3640 dieas
743 3596 801 3639 aar
820 3579 848 3640 le
873 3577 951 3640 bord
976 3580 1013 3641 de
1033 3580 1066 3643 ta
1084 3585 1178 3663 aedae
1198 3582 1248 3643 ri-

141 3690 230 3752 eiire
257 3709 295 3750 ea
316 3689 500 3751 descendant
520 3688 599 3767 ,ptos
626 3687 699 3773 bos,
723 3688 959 3768 l’emplocemeat
983 3689 1020 3751 de
1050 3691 1248 3757 llarchieane

145 3808 200 3876 [aa
224 3797 316 3876 Poat,
341 3799 372 3860 in
395 3796 576 3877 Hannonis,
603 3799 642 3861 ci.
660 3798 846 3862 Cannabich.
862 3797 958 3861 Erdb.
977 3798 1033 3861 der
1044 3796 1176 3864 Niederl.
1191 3802 1247 3866 Vi.

142 3926 210 3972 nar.
225 3909 356 3972 18998.
370 3927 398 3988 ρ.
410 3908 496 3988 699]
508 3928 556 3970 me
574 3911 682 3987 parcit
702 3910 730 3971 te
748 3910 821 3989 plus
837 3908 1035 3988 camoenalis,
1054 3928 1089 3972 ae
1101 3917 1248 3974 troaoont
1342 3890 1348 3907 x

145 4037 187 4080 aa
210 4016 359 4097 confluent
379 4019 469 4079 darre
489 4019 580 4098 petite
595 4018 720 4098 riaiire,
742 3998 814 4082 dont
829 4020 857 4082 ie
869 4038 940 4082 nom
952 4019 989 4082 de
1002 4021 1088 4084 Hour
1103 4023 1245 4102 culleus,

145 4146 165 4189 a
188 4127 316 4207 paetpae
338 4127 454 4206 afficite
469 4129 489 4189 d
506 4128 584 4189 celei
599 4128 636 4189 de
650 4128 821 4192 llornensis
843 4128 960 4193 tocuse.
1005 4130 1037 4196 st
1052 4149 1087 4194 re
1100 4150 1174 4195 vera
1195 4131 1246 4194 hic

128 4230 232 4299 'locus
254 4236 293 4299 ad
314 4237 412 4299 rivam
425 4235 529 4298 lirare
550 4237 733 4301 referendus
758 4242 851 4317 esset,
874 4239 1058 4304 vocabulum
1080 4240 1153 4304 illud
1178 4240 1246 4304 ior·
1372 4246 1375 4255 '

145 4353 229 4410 tasse
251 4345 422 4408 ilerdensis
445 4345 635 4409 ellorensis
657 4347 853 4411 scribendum
880 4348 971 4412 iaret.
1016 4351 1062 4412 De
1082 4349 1245 4425 Quartensl

95 4535 1318 4610 lun-w&
