2918 4914
816 236 875 242 ...-.-
887 234 939 241 .-....
948 231 1182 241 -.-—-..-—-.
1198 217 1332 262 --.--,

803 252 827 257 .-
841 250 986 258 .-..-..-.-
993 248 1116 256 ——-
1125 246 1302 255 .-.--—-

200 367 289 441 590*
309 391 426 440 annor.
439 392 479 439 nn
493 390 566 441 nor.
579 390 724 438 eccene
736 390 858 437 xxviii.
870 390 975 439 conns
987 386 1286 437 nnonnromransrs.

198 592 313 651 tractus
335 588 606 671 Argentoratensis
630 590 667 651 ab
695 590 733 651 iis
755 589 827 651 inde
849 588 1035 669 temporibus
1058 588 1145 669 quasi
1173 604 1289 650 scaena

196 696 466 761 Alamannicorum
495 718 562 761 cum
583 700 727 765 ltomanis
750 700 936 780 proeliorum
959 700 1029 775 luit-3
1052 698 1165 763 nnllam
1188 703 1288 761 autem

196 807 312 887 proprii
334 808 458 872 Comitis
478 808 752 893 Argentoratensis
775 810 960 873 mentionem
987 809 1172 871 indiciumre
1196 806 1290 870 exbi-

196 914 247 978 bet
267 916 299 977 in
321 918 461 981 omuibus
484 919 522 981 de
543 918 635 981 rebus
656 918 752 1001 gestis
767 918 874 981 luliani
891 918 1135 981 enarrationibus
1150 916 1291 979 Ammia-

196 1042 252 1087 nus
272 1026 486 1105 Marcellinus,
508 1028 560 1107 qui
581 1028 620 1091 de
641 1027 854 1091 Valentiniano
882 1028 921 1092 ad
943 1028 1053 1091 adoll.
1075 1028 1153 1091 baec
1175 1004 1292 1089 re'ttulit

196 1134 388 1215 (xxtttuo,
401 1140 444 1215 1.)
458 1138 517 1215 „At
536 1136 766 1201 Valentinianus
794 1156 904 1220 magna
932 1139 1034 1200 animo
1057 1136 1237 1216 concipiens
1259 1141 1292 1197 et

196 1246 279 1308 utilia
301 1245 438 1309 Rhenum
461 1264 582 1311 omnem
603 1268 621 1311 a
642 1250 815 1311 Raetiarum
838 1248 967 1311 exordio
989 1247 1126 1327 adusque
1150 1244 1292 1308 lretalem

139 1362 151 1375 ‘
196 1356 353 1419 Oceanum
376 1358 496 1439 magnis
519 1358 647 1420 molibus
676 1358 917 1435 corrrmuniebat‚
943 1364 1043 1421 castra
1065 1354 1215 1419 extollens
1240 1353 1292 1415 al-

196 1464 256 1527 tius
277 1470 308 1528 et
331 1465 455 1529 castella
487 1472 646 1548 turresque
670 1468 813 1531 adsiduas
837 1486 892 1549 per
919 1467 1038 1530 lrabiles
1061 1466 1148 1530 locos
1178 1470 1207 1529 et
1232 1482 1292 1545 op-

194 1580 358 1655 portunos,
383 1592 441 1655 qua
464 1576 629 1641 Galliarum
653 1578 826 1642 extenditur
848 1577 1026 1660 longitudo,
1051 1595 1113 1640 non
1135 1594 1291 1655 nunquam

195 1684 285 1747 etiam
307 1684 385 1747 ultra
407 1684 518 1747 llurnen
535 1686 684 1749 aediliciis
704 1686 812 1767 pusilis
833 1685 1003 1749 subradens
1019 1685 1168 1749 barbaros
1182 1685 1290 1746 lines“.

194 1790 267 1855 Tum
281 1792 377 1857 XXX.
391 1796 421 1873 7,
431 1794 460 1857 6.
473 1794 565 1874 „ldeo
587 1802 687 1859 autern
710 1796 799 1859 etiam
814 1796 1044 1859 Valentinianus
1067 1796 1176 1858 merito
1200 1796 1293 1857 time-

196 1904 296 1983 batur,
319 1905 400 1984 quod
423 1906 508 1967 auxit
527 1912 557 1967 ct
578 1907 731 1969 exercitus
755 1906 856 1969 valido
879 1907 1100 1987 supplemento,
1126 1904 1292 1967 etutrobi-

195 2031 254 2095 que
274 2013 413 2078 Rhenum
440 2014 621 2078 celsioribus
651 2017 762 2079 castris
793 2016 919 2077 munivit
948 2022 1040 2096 atque
1069 2014 1220 2093 castellis,
1251 2032 1292 2077 ne

193 2122 290 2187 latere
321 2142 452 2205 unquam
485 2124 582 2187 bostis
611 2124 651 2187 ad
680 2132 786 2187 nostra
816 2143 851 2187 sc
881 2126 1054 2206 proripiens
1083 2126 1207 2205 possitt‘.
1253 2123 1293 2184 Et

194 2232 304 2295 ΧΧΙΧ.
318 2233 347 2312 6,
364 2235 393 2295 2.
407 2232 445 2295 ad
463 2252 490 2295 a.
504 2234 576 2297 371.
589 2233 837 2312 „Valentinianus
868 2236 950 2297 enim
976 2236 1077 2297 studio
1107 2232 1293 2296 muniendo-

194 2362 261 2407 rum
284 2344 410 2406 limitum
432 2342 572 2425 glorioso
595 2342 728 2425 quidem,
751 2342 806 2407 sed
827 2344 932 2421 nimio,
957 2344 995 2405 ab
1020 2345 1086 2423 ipso
1102 2343 1290 2422 principatus

195 2454 282 2517 initio
304 2454 439 2535 flagrans
464 2460 547 2517 trans
570 2454 680 2517 llumen
702 2455 834 2516 llistrum
857 2455 888 2513 in
910 2454 984 2531 ipsis
1000 2450 1174 2527 Quadorum
1198 2449 1288 2509 terris

195 2563 282 2645 quasi
302 2564 440 2627 Romano
470 2564 529 2625 iuri
551 2564 611 2625 iam
632 2564 795 2625 nirrdieatis
822 2560 977 2625 aedificari
1002 2558 1203 2639 praesidiaria
1228 2576 1287 2619 ca-

195 2678 257 2737 stra
285 2673 440 2735 mandavit
449 2693 458 2751 3
487 2673 569 2755 quod
601 2674 727 2737 accolae
756 2674 888 2733 l'erentes
914 2668 1041 2752 indigne
1071 2668 1180 2747 suique
1211 2684 1289 2729 cau-

196 2782 291 2845 tiores
322 2783 477 2867 legatione
509 2792 597 2847 tenus
633 2781 754 2843 interim
786 2786 816 2841 et
849 2779 983 2842 susurris
1019 2779 1193 2841 arcebant“.
1243 2778 1290 2839 Cl.

196 2894 288 2957 etiam
310 2893 481 2975 Symmachi
504 2893 611 2955 laudes
634 2891 665 2951 iu
688 2889 932 2951 Valentinianum
955 2888 1036 2969 Aug.
1057 2887 1092 2949 tl.
1136 2888 1236 2967 Atque
1256 2888 1291 2949 L.

196 3002 225 3067 9.
238 3001 291 3065 Tb.
304 3002 337 3065 C.
351 3004 390 3066 de
412 3023 447 3066 rc
466 3000 589 3063 militari
608 2998 670 3060 Vll.
684 3002 709 3061 l.
724 2999 848 3061 ineunte
870 3016 951 3060 anno
971 2997 1043 3061 367.
1058 2997 1129 3059 data
1151 2997 1293 3059 Valenti-

195 3113 304 3177 nianus
328 3119 358 3175 et
378 3112 490 3174 Valens
504 3111 571 3172 ΑΛ.
587 3108 626 3172 ad
646 3110 782 3171 lerinum
804 3109 982 3191 Magistrum
1004 3108 1144 3187 Equitum
1168 3112 1212 3185 [ot
1232 3108 1294 3169 Po-

197 3224 291 3288 ditum
313 3223 382 3285 add.
399 3222 432 3283 L.
448 3223 475 3283 7.
493 3220 558 3283 cod.
574 3240 603 3281 a.
615 3218 687 3283 365.
702 3220 846 3301 caricam,
875 3221 925 3301 qui
955 3240 982 3281 a.
1001 3218 1072 3281 366.
1094 3236 1214 3299 quoque
1236 3236 1293 3299 per

197 3334 310 3399 Gallias
331 3333 509 3415 magisterio
530 3333 662 3413 equitum
686 3332 805 3395 lurrctus
820 3332 1006 3395 Alamannos
1022 3328 1140 3409 proelio
1164 3334 1292 3391 cruento

196 3446 333 3525 vicerat,
356 3451 434 3507 tcste
455 3444 617 3509 Ammiano
637 3443 758 3508 xxvtt.
777 3446 803 3507 1.
817 3461 875 3523 sip,
904 3442 945 3501 ita
968 3438 1176 3519 scripserunt:
1198 3439 1293 3521 „Tam

197 3580 277 3589 -ι--υ

197 3642 262 3693 tnnti
285 3640 471 3693 Gerruanorum
494 3656 585 3692 rnanns
604 3652 717 3705 pugnarn
737 3637 868 3685 inteutans
890 3638 1028 3687 occurrit“.
1055 3635 1157 3689 Deiirdc
1170 3633 1238 3687 Xl'l.
1251 3637 1292 3697 ll,

127 3756 131 3765 ·
201 3736 381 3803 ll.„lulianus
400 3738 433 3789 ad
451 3735 609 3803 reparandus
628 3732 690 3783 Tres
709 3731 831 3781 tabernas
852 3732 1084 3803 [dorp-Zabram,
1104 3734 1293 3784 rrnrnimeutnru

199 3826 1293 3903 McwmmmmmbmdmammmommmmmaMmmmbmffi.mm

200 3932 338 3985 aedtuearo
358 3926 494 3980 constabat
512 3924 544 3975 ad
565 3924 655 3973 intbnn
674 3922 829 3989 Galbarurn‚
855 3933 882 3975 ut
902 3934 1109 3989 consueverant,
1133 3926 1205 3977 adire
1226 3926 1294 3977 Ger-

200 4042 291 4080 manos
311 4024 412 4087 arceri,
435 4028 462 4073 et
480 4036 546 4087 opus
564 4034 612 4085 spo
631 4020 744 4073 celerius
763 4026 953 4075 corisummnvit
973 4032 1000 4075 et
1023 4026 1121 4075 victum
1141 4023 1294 4073 delean-ori-

200 4116 1295 4183 wffimfflmwmfflmfflmwmfflmmmwb

201 4220 299 4275 lectum
318 4215 411 4267 militis
432 4230 520 4281 uranii,
541 4215 658 4268 eorrdidit
675 4218 702 4269 in
722 4232 786 4269 usus
804 4220 866 4271 nurui
885 4220 989 4271 tatium.
1028 4218 1146 4271 Clinlrn
1163 4218 1296 4271 annet.ad

143 4350 147 4428 ἱ
202 4314 382 4385 capxxb'lx.

189 4520 397 4531 -—-=----=-u
434 4520 502 4529 ...n-1
520 4522 533 4529 -.
553 4522 570 4527 ..
600 4522 604 4527 .
634 4522 640 4527 .
697 4520 752 4527 ..--

189 4534 954 4549 ffl———ffl--ffl-
962 4534 1208 4545 -·-—-—-—··-—
1217 4536 1303 4547 ...-.
1315 4519 1332 4567 μ
