2918 4914
304 434 371 484 ccv.
386 435 438 488 xc.
455 434 495 482 nn
517 374 590 482 aaa.
604 411 702 484 1192
715 420 760 497 ll.
772 413 832 484 ba.
847 405 908 483 24.
923 435 1080 485 brusts.
1139 412 1251 491 1067*

143 564 180 574 -ι
405 566 527 576 ——-
937 567 986 575 .-.μ
993 564 1255 579 ..κ--η--ᾳ-

147 638 178 694 et
190 630 340 712 torpenti
352 632 488 711 nomina,
503 631 687 712 aliquotiens
701 632 733 693 in
748 632 1002 712 inscriptionibus
1015 633 1095 696 lecta
1109 637 1146 712 ⁷²,
1169 635 1252 696 Laeto
1309 668 1312 707 ,

148 741 262 823 genitis
286 741 323 804 ab
348 741 436 804 initio
460 742 603 821 imposita
625 742 732 820 luisse,
753 748 786 803 ut
808 741 902 823 longe
924 749 995 806 ante
1017 749 1252 820 annotaveram‚
1309 712 1312 803 l

147 857 218 915 atate
240 868 329 932 quarn
352 851 569 914 Wiltbemioli
594 870 661 915 eam
690 852 875 915 sententiam
904 846 1022 915 certam
1053 853 1150 914 visam
1181 871 1254 914 csse
1310 808 1314 892 ν

148 961 321 1042 comperire
341 962 435 1043 potui.
469 961 642 1044 Postquam
665 962 797 1025 vidimus
809 964 907 1025 Laetos
923 963 1022 1025 laetos
1037 979 1108 1025 esse
1127 967 1190 1025 tum
1213 958 1254 1023 ad

149 1072 230 1134 banc
253 1078 366 1135 sortem
389 1072 420 1133 in
443 1072 698 1152 Romimperium
720 1079 862 1153 receptos
885 1072 1056 1135 Germanos
1081 1077 1153 1150 [,‚ex
1174 1069 1255 1133 mul-

149 1181 187 1244 tis
210 1181 371 1265 gentibus“
393 1200 485 1263 supra
512 1200 592 1244 num.
608 1182 693 1263 lX.],
717 1183 783 1246 sive
810 1187 920 1263 sponte
949 1183 971 1243 ii
994 1182 1061 1246 sive
1084 1186 1254 1261 temporum

148 1291 360 1372 bellorumque
393 1293 629 1356 necessitatibus
663 1293 765 1355 coacti
794 1293 929 1372 iniquum
959 1291 1070 1354 loedus
1101 1290 1254 1370 iniissent,

150 1407 211 1463 tum
236 1401 373 1481 ipsorum
396 1401 534 1464 laetorum
557 1401 757 1483 progeniem,
780 1400 811 1463 id
833 1418 956 1481 quoque
974 1399 1172 1481 repetendum
1195 1404 1255 1478 est,

148 1510 257 1590 procul
281 1511 375 1574 dubio
400 1512 491 1575 etiam
514 1511 721 1592 provinciales
744 1510 792 1573 vel
813 1511 897 1592 ipsos
920 1511 1006 1573 cives
1026 1512 1113 1574 Rom„
1136 1508 1256 1572 laeticac

150 1618 387 1701 limitaneaeque
410 1621 535 1684 militiae
558 1621 713 1703 assignari
735 1621 883 1703 potuisse,
906 1627 938 1682 ut
953 1620 1113 1685 Salvianus
1129 1618 1168 1681 dc
1181 1621 1256 1701 gub.

154 1726 204 1791 dei
220 1727 256 1790 V.
269 1729 299 1792 8.
315 1728 427 1792 vividis
451 1729 609 1793 coloribus
632 1729 836 1792 necessitates
861 1729 1009 1810 depinxit,
1032 1730 1141 1811 quibus
1165 1730 1258 1812 inge-

152 1838 204 1900 nui
224 1839 309 1902 cives
334 1845 522 1921 cogerentur
545 1838 665 1919 perdito
688 1839 842 1921 ingenuae
866 1833 1083 1900 incolumitatis
1106 1842 1187 1900 statu
1207 1837 1258 1899 vel

153 1949 256 2012 coloni
281 1949 407 2013 divitum
429 1949 507 2028 lieri,
532 1954 625 2030 utque
648 1948 720 2011 olim
742 1949 833 2012 etiam
854 1947 886 2009 in
904 1947 1043 2010 colonias
1056 1947 1149 2010 modo
1165 1965 1259 2027 prac-

151 2061 205 2122 mii
228 2060 321 2123 modo
343 2077 463 2140 poenae
488 2077 616 2138 caussa,
641 2057 736 2121 modo
762 2057 800 2122 ad
825 2057 1034 2138 provinciales
1063 2055 1257 2120 coercendos

154 2169 407 2251 coliibendostpue
424 2169 673 2233 deducebantur:
695 2187 764 2230 nam
786 2167 894 2248 quibus
918 2167 1135 2248 imperatorum
1157 2181 1259 2228 anno-

153 2279 269 2342 tatione
291 2278 409 2342 laeticae
432 2285 534 2342 terrae
555 2277 818 2343 administrandae
840 2294 1012 2340 concessae
1032 2282 1129 2355 erant,
1155 2293 1261 2339 arma-

155 2396 205 2453 tae
226 2389 315 2453 simul
338 2389 465 2452 militiae
489 2390 643 2453 obnoxios
668 2389 767 2452 laetos
795 2406 884 2467 esse,
907 2386 990 2450 nulla
1013 2386 1092 2449 ratio
1119 2384 1260 2450 dubitare

154 2500 275 2579 patitur.
307 2497 347 2561 de
370 2515 521 2578 envers,
550 2504 650 2561 utrum
678 2498 882 2579 praelectoris
909 2497 1046 2560 laetorum
1069 2515 1108 2559 ex
1129 2495 1261 2576 provin-

154 2607 285 2671 cialibus
317 2607 475 2671 civibusve
496 2608 643 2672 Romanis
664 2608 738 2670 novi
761 2607 986 2671 commilitones
1010 2605 1110 2686 adici,
1136 2623 1175 2669 an
1201 2621 1260 2667 suo

154 2717 221 2780 iure
247 2717 387 2781 viventes
419 2716 479 2779 tati
508 2717 636 2782 aliarum
666 2717 804 2801 gentium
832 2718 974 2781 homines
1004 2733 1068 2778 non
1100 2714 1263 2778 admittere
1362 2753 1365 2757 -

154 2827 318 2907 potuerint,
344 2827 419 2890 nihil
441 2827 532 2892 nobis
555 2833 676 2893 constat
691 2831 726 2890 ⁷2⁸.
757 2829 864 2912 Neque
886 2846 946 2909 quo
959 2827 1057 2890 modo·
1074 2825 1175 2889 laeti'a
1198 2825 1264 2889 Ro-

259 3108 293 3175 ⁷²)
316 3103 388 3155 Grut.
399 3105 461 3168 705,
471 3106 493 3155 l.
502 3105 594 3168 tems.
603 3105 666 3170 838,
678 3108 717 3157 tt.
728 3108 753 3156 in
773 3105 841 3173 lapp.
854 3105 1028 3159 Stiriensib.e
1042 3107 1120 3158 bazic
1140 3104 1261 3173 repetitis

158 3214 315 3253 ttrvsrvma,
353 3201 450 3266 995‚5.
464 3201 516 3268 lap.
526 3202 717 3254 Narbonense
736 3217 788 3270 quc
807 3211 917 3272 apparet
935 3205 1014 3255 etiam
1033 3202 1096 3267 811,
1108 3205 1133 3254 2.
1152 3217 1198 3269 pra
1218 3217 1263 3253 cv-

157 3310 261 3349 rvcru
280 3296 424 3368 legandum
447 3313 506 3350 ease
526 3314 683 3352 corvatam.
722 3299 784 3364 732,
799 3301 822 3353 7.
840 3299 907 3366 lapis
927 3299 1116 3370 Lucilimburg.
1132 3302 1159 3351 in
1178 3299 1263 3350 bortis

140 3393 298 3446 'Banclald
318 3403 453 3462 repertus,
471 3398 511 3448 ric
529 3411 570 3465 ap.
584 3396 677 3449 wiltb.
692 3397 794 3448 editus:
821 3415 847 3450 a.
866 3413 882 3450 ι
899 3401 904 3467 Ι
922 3412 1072 3450 crrvamuo.
1093 3397 1264 3471 slacvuouto.

157 3505 211 3542 avc
227 3494 232 3563 Ι
248 3507 530 3547 viromadensium
547 3496 552 3562 Ι
568 3509 662 3547 avrea.
674 3510 732 3546 aar.
742 3493 929 3568 murenulam.
941 3511 1100 3547 amabar.
1112 3509 1182 3547 aas·

159 3589 195 3654 ²³)
214 3586 444 3659 luciliburgensia
501 3589 541 3642 ill.
553 3605 568 3641 a
579 3590 606 3641 P.
614 3589 690 3642 Alex.
701 3591 855 3643 wilthemio
866 3607 917 3641 ...a
929 3591 959 3642 bl>
970 3590 1002 3643 D.
1011 3591 1072 3660 Aug
1090 3589 1182 3658 lieycn
1193 3604 1265 3642 nunc

157 3683 490 3750 primum...ed.buxcmb.
504 3684 581 3738 1842.
593 3685 632 3739 4⁰.
749 3690 783 3756 ⁷⁴)
803 3687 940 3755 Zumptius
959 3702 985 3754 p.
1004 3689 1047 3740 bt.
1066 3687 1118 3738 hoc
1137 3701 1189 3739 non
1215 3685 1265 3739 ad-

158 3780 330 3833 dubitandum
350 3798 410 3835 esse
430 3785 551 3849 putavit:
579 3783 646 3849 „Dic
664 3784 727 3836 Laeti
746 3784 870 3850 budelea,
892 3785 926 3836 da
944 3786 982 3837 cic
1001 3784 1073 3836 nicbt
1091 3801 1148 3836 aum
1168 3783 1268 3838 liciole

157 3877 283 3948 peltdrtcn
295 3877 343 3949 [?],
364 3869 476 3948 otperto:
489 3882 518 3932 s‘n
538 3881 594 3932 siclt
616 3880 827 3950 obpeaclvloascnc
848 3881 1089 3950 denretnsctapcn,
1110 3881 1165 3932 und
1183 3881 1268 3934 lebtctt

159 3974 228 4026 aucit
246 3977 337 4043 perciet
358 3975 395 4046 [l]
415 3976 487 4028 nacla
513 3979 622 4047 ciperem
642 3979 782 4042 decertem
814 3978 897 4029 deber
917 3978 955 4049 [l]
983 3979 1042 4030 iltrc
1060 3994 1112 4030 nur
1133 3977 1268 4048 dcildufipc

159 4070 334 4140 Erudbnatnp
354 4073 383 4123 irc
400 4088 499 4124 emme
517 4073 726 4141 licclttapuellcn.
766 4075 905 4139 lederun,
926 4076 961 4128 dc
981 4077 1019 4128 ric
1040 4078 1076 4128 im
1094 4081 1157 4127 rim.
1170 4073 1271 4128 Reicltc

159 4167 253 4233 Μία,
275 4175 388 4220 armum
408 4170 445 4220 aie
466 4168 533 4220 dcclt
552 4170 649 4222 rowcbl
666 4171 712 4221 mit
731 4170 778 4221 dcc
790 4171 950 4240 chierunp,
971 4171 1011 4225 uls
1029 4175 1076 4224 mit
1094 4171 1272 4224 Privotleutcn

158 4266 188 4317 ist
206 4265 395 4335 maipfccbo
405 4265 562 4335 Bentbnmp
579 4275 670 4330 treton,
688 4268 743 4319 ond
760 4284 804 4319 em
818 4267 887 4321 dicre
901 4268 1078 4322 Verlutltmrac
1092 4287 1124 4321 au
1134 4266 1270 4338 lcitcrtffl,

103 4438 104 4451 ἵ
158 4362 249 4417 battere
267 4364 306 4416 rie
326 4364 403 4416 maen
418 4363 589 4432 Praepositus
608 4363 671 4417 oder
691 4363 861 4418 Praefectus.
873 4373 905 4420 .“.
944 4366 1069 4434 Sybcliuc
1087 4374 1191 4431 autem,
1211 4378 1271 4416 cum

103 4562 105 4571 ‚
1016 4461 1065 4533 co

103 4572 1322 4639 mm.
