2918 4914
178 240 261 288 ῥ-

253 380 345 460 848*
371 410 538 459 annonas
553 410 703 460 nonocc.
722 411 788 460 car.
799 393 879 462 37ι.
893 410 1147 484 υιιιιειιιιιιιι
1156 411 1286 460 arim.

234 612 428 675 cessitatem
452 611 494 674 illi
516 611 664 677 militares
686 576 826 676 redtores
848 633 866 675 a
888 614 952 678 suis
974 613 1158 677 stationibus
1180 631 1363 678 avocaren-

250 726 312 803 tur,
327 723 460 804 itemque
476 723 702 786 mediterranea
717 722 946 804 provinciarum
963 723 1106 803 confinia,
1122 729 1253 787 tractum
1269 740 1363 805 quern
1416 738 1417 784 t

250 831 289 896 ab
312 832 430 895 Hunnis
454 850 551 914 aeque
573 830 652 895 salso
670 849 760 913 quam
783 852 801 894 a
819 851 897 896 cane
918 832 1145 897 denominatum
1166 834 1266 898 luisse
1288 835 1363 916 opi-

250 946 363 1004 nantur
392 941 466 1019 (deii
489 938 689 1021 Hunsrdcb),
711 940 830 1005 Eilliam
856 961 925 1006 cum
946 943 1223 1007 Arduennensibus
1246 944 1363 1027 regio·

247 1051 339 1116 nibus
374 1051 456 1133 quod
489 1051 528 1114 ad
559 1070 610 1115 res
648 1051 795 1115 militares
827 1053 1011 1134 pertineret,
1045 1054 1206 1117 commode
1237 1054 1361 1137 guberq
1413 1079 1414 1142 p

249 1179 337 1226 nare.
383 1162 534 1236 Quantum
559 1163 664 1225 caveri
686 1180 762 1245 opus
786 1163 896 1243 suerit,
919 1181 959 1227 ne
981 1147 1211 1228 denudarentur
1232 1163 1362 1245 praesi-

248 1269 311 1350 dia,
334 1270 391 1334 sed
410 1277 443 1334 ut
463 1272 495 1332 in
518 1271 621 1335 locum
644 1271 789 1336 aliorsum
812 1273 1137 1337 evocatorum'statim
1160 1273 1221 1337 alia
1241 1290 1360 1337 succe-
1412 1329 1414 1359 ,

247 1378 379 1461 derent‚
410 1380 600 1463 alterumque
628 1381 755 1446 alterius
784 1388 905 1465 tergum
936 1389 1075 1466 tegeret,
1111 1402 1171 1447 uno
1200 1383 1358 1465 exemplo,
1412 1362 1414 1375 ι

247 1489 349 1571 qualia
371 1491 461 1553 etiam
487 1492 647 1555 innumera
670 1492 742 1555 olim
764 1493 845 1555 inter
864 1493 976 1558 Scotos
991 1493 1173 1577 Anglosque
1195 1495 1358 1576 utriusque

246 1600 352 1682 populi
367 1601 502 1664 confinia
515 1601 670 1681 viderunt,
682 1603 897 1667 demonstrare
909 1603 1011 1683 liceat,
1022 1604 1357 1670 exAmmian.XXVll.
1412 1636 1413 1639 ¹

248 1709 298 1773 10.
310 1711 376 1774 init.
399 1711 576 1798 desumpto,
600 1713 652 1776 ubi
673 1712 712 1777 ad
735 1731 806 1776 ann.
818 1711 893 1776 368.
908 1714 986 1778 baec
1008 1715 1140 1778 rettulit:
1164 1715 1249 1795 ,Sub
1271 1714 1358 1778 idem

244 1821 312 1886 fere
341 1829 459 1906 tempus
480 1823 696 1888 Valentiniano
721 1823 760 1887 ad
784 1824 1010 1905 expeditionem
1032 1832 1141 1905 caute,
1158 1831 1197 1899 ¹ut
1214 1824 1355 1905 rebatur,
1411 1795 1412 1817 Χ

243 1933 385 2015 proiecto
408 1935 598 1999 Alamannus
628 1933 745 2017 regalis
774 1935 882 1998 flando
908 1936 1053 2015 nomine,
1077 1935 1130 1999 diu
1152 1940 1357 2017 praestruens
1410 1995 1412 1999 ,

244 2044 328 2124 quod
351 2045 523 2128 cogitabat,
548 2045 776 2127 Mogontiacum
806 2046 970 2127 praesidiis
995 2063 1126 2109 vacuum
1153 2063 1223 2107 cum
1255 2062 1357 2125 expe-
1409 2048 1411 2058 “

244 2152 316 2217 ditis
332 2153 372 2218 ad
392 2154 638 2218 latrocinandum
662 2154 794 2218 latenter
808 2155 941 2236 irrepsit.
962 2161 993 2221 et
1012 2156 1156 2236 quoniam
1171 2171 1249 2217 casu
1262 2153 1358 2218 ebri-

245 2255 338 2326 stiani
360 2264 437 2327 ritus
461 2265 579 2328 invenit
600 2264 752 2328 celebrari
775 2264 1025 2343 sollemnitatem,
1047 2263 1271 2346 impraepedite
1294 2282 1356 2327 cu·

243 2372 353 2455 iusque
378 2374 462 2437 modi
484 2374 626 2438 fortunae
649 2374 738 2438 virile
754 2381 785 2438 et
800 2374 949 2438 muliebre
968 2392 1060 2438 secus
1079 2391 1147 2437 cum
1167 2372 1356 2454 supellectili
1408 2359 1410 2380 ⁵

242 2500 307 2546 non
328 2502 424 2563 parva
448 2483 642 2547 indefensum
666 2483 819 2548 abduxitss.
870 2483 1019 2566 Magister
1039 2483 1175 2547 Peditum
1199 2500 1355 2564 praesen·
1408 2466 1409 2469 ¹

242 2591 313 2655 talis
337 2593 406 2656 sine
430 2592 523 2655 dubio
550 2592 686 2657 Treviris
709 2594 815 2658 sedem
838 2611 924 2657 suam
948 2593 1138 2657 ordinariam
1165 2592 1272 2656 babuit
1292 2592 1352 2671 (ct.

241 2718 272 2783 p.
284 2701 403 2782 598*.),
426 2701 580 2783 idemque,
602 2703 630 2766 si
650 2710 735 2767 recte
754 2703 937 2782 coniectavi,
951 2703 1069 2766 Ducem
1084 2703 1269 2767 Germaniae
1284 2702 1355 2766 l’ri-

241 2831 311 2876 mae
340 2813 372 2874 in
395 2813 541 2876 comitatu
564 2830 622 2877 suo
645 2813 761 2878 babere
783 2813 904 2877 solebat
931 2831 1032 2895 eoque
1060 2831 1117 2895 pro
1142 2813 1264 2876 vicario
1293 2830 1354 2876 suo

242 2923 386 2987 utebatur
408 2923 449 2987 ad
473 2941 540 2986 eum
562 2929 692 2987 tractum
716 2924 911 3008 regendum,
937 2924 988 3005 qui
1018 2929 1079 2986 tum
1102 2923 1255 2987 acerrime
1277 2939 1355 3004 praa

242 3034 357 3098 ceteris
380 3034 601 3114 infestabatur,
625 3034 656 3097 id
686 3040 733 3098 est
754 3034 853 3099 Rheni
877 3034 975 3116 ripam
996 3051 1052 3116 per
1075 3033 1271 3098 Germaniam
1290 3032 1354 3099 Su·

168 3142 188 3204 ¹.
239 3145 407 3226 periorem,
431 3145 573 3226 quotiens
595 3145 693 3227 ipsum
713 3145 893 3229 Magistrum
914 3143 1043 3208 Militum
1063 3163 1119 3226 per
1139 3143 1215 3207 alias
1232 3142 1353 3207 Gallia-

167 3330 171 3349 Ι
239 3273 307 3319 rum
330 3255 397 3321 sive
425 3256 519 3319 totius
543 3255 753 3321 Occidentalis
776 3254 895 3336 imperii
917 3254 1049 3334 limites,
1077 3255 1128 3336 qui
1151 3254 1217 3317 sere
1239 3269 1351 3317 omncs

167 3364 169 3371 '
239 3365 297 3428 sub
320 3367 417 3448 ipsius
434 3365 639 3446 dispositione
664 3365 761 3428 luisse
783 3363 928 3449 leguntur
950 3383 978 3446 p.
994 3364 1071 3442 Min,
1097 3362 1172 3428 bebi
1193 3360 1352 3426 sollicitu-
1404 3365 1405 3409 t

240 3474 329 3539 dines
356 3475 638 3559 circumagitarent.
681 3475 789 3555 Neque
818 3493 894 3538 vero
922 3473 1136 3555 praeterierim
1166 3472 1259 3535 etiam
1289 3489 1351 3535 na·
1403 3506 1404 3509 π

133 3573 136 3579 ’
166 3570 169 3611 ²
240 3584 340 3649 nalem
362 3604 419 3667 per
441 3585 580 3650 Rhenum
605 3584 761 3662 militiam,
785 3584 824 3647 dc
848 3601 907 3664 qua
932 3601 1032 3664 neque
1061 3582 1117 3646 sub
1142 3582 1264 3653 comite
1285 3582 1352 3645 Ar·
1403 3562 1404 3615 ³

239 3697 453 3777 gentoratensi
480 3714 582 3778 neque
610 3695 667 3759 sub
696 3695 782 3758 Duce
811 3692 1058 3776 Mogontiacensi
1091 3692 1237 3755 disertam
1271 3690 1351 3756 baec
1403 3702 1405 3716 ·

238 3806 355 3871 Notitia
377 3807 565 3872 mentionem
594 3805 715 3885 fecit*,
739 3807 873 3869 tortasse
902 3806 958 3869 sub
985 3804 1074 3867 liuius
1096 3802 1193 3866 Ducis
1218 3800 1352 3866 Germa·

237 3973 545 3989 ψ

340 4061 369 4131 ⁹)
394 4062 431 4114 lta
451 4074 523 4126 egr.
535 4072 614 4110 nemo
633 4057 715 4111 facila
734 4056 874 4123 dubitabit,
890 4055 1100 4121 Conlluentibus,
1138 4064 1140 4070 ⁴

444 4154 504 4219 ,vel
524 4170 576 4222 qua
596 4155 733 4207 Germanis
751 4153 799 4207 sub
821 4152 948 4222 portubus
970 4153 1039 4204 ostia
1056 4151 1152 4205 solvit“

238 4249 351 4307 Mosella
372 4253 487 4321 (Aeson.
499 4250 706 4321 Moerim),
727 4251 855 4315 classem,
873 4249 991 4302 liburnas
1017 4248 1155 4301 lembosvc
1180 4246 1373 4317 turonisque.

240 4357 286 4401 aut
303 4348 437 4400 rrnrsculos
456 4349 482 4398 in
502 4351 617 4400 statione
638 4350 737 4414 luisse;
757 4349 824 4401 baec
838 4355 926 4400 autem
940 4346 1039 4400 llotitia
1051 4345 1121 4397 inira
1133 4346 1348 4415 (palingis.)

182 4534 1361 4601 qm
