2918 4914
122 244 1355 329 ’ω’

126 289 143 359 Ι
489 406 558 457 oar.
582 408 708 459 xxunr.
735 407 776 456 nn
801 384 961 457 neem.
1192 387 1282 463 593*
1382 462 1388 469 .

178 602 290 677 seu'ea
310 606 490 673 Ammianus
511 607 709 673 Marcellinus
730 608 783 688 [ad
797 627 826 672 a.
838 608 926 687 366]
942 608 1029 673 initio
1050 609 1104 673 lib.
1117 609 1239 677 xxvii.
1253 631 1281 676 a.

178 723 206 787 1.
216 718 344 785 alterius
371 718 499 784 comitis
525 735 647 802 quoque
668 717 825 795 meminit,
848 719 1028 799 Severiani,
1052 720 1195 804 inquam,
1219 723 1284 788 Co-

168 1081 271 1130 nsortes
288 1076 474 1144 sequerentur.
512 1068 617 1124 Dehinc
646 1070 740 1123 maiori
762 1069 932 1124 multitudino
959 1069 1077 1123 hostium
1101 1071 1280 1127 circumtusus

172 1173 312 1227 exercitus
336 1170 364 1222 tn
388 1175 481 1238 aperta
504 1156 671 1236 camporum,
693 1183 762 1237 quae
781 1167 866 1220 libera
883 1166 979 1222 Franci
995 1167 1177 1237 reliquerant,
1202 1170 1283 1223 avide

168 1270 275 1324 elusus
294 1273 350 1321 est:
371 1282 403 1318 no
420 1266 497 1334 primi
517 1266 623 1335 equites
642 1264 815 1335 voraginibus
835 1265 971 1332 immersi,
990 1267 1127 1333 permixtis
1146 1265 1283 1321 hominum

168 1348 408 1434 iumentorumque
427 1338 599 1430 corporibus,
618 1362 695 1413 ruina
716 1360 832 1414 invicem
850 1376 958 1413 snorum
976 1362 1098 1430 oppressi
1116 1369 1186 1417 sunt.
1229 1363 1282 1417 Fe.

167 1464 242 1517 dites
259 1463 350 1526 etium,
369 1475 435 1529 qnos
454 1458 528 1512 nulia
546 1474 629 1511 oneru
648 1473 775 1528 equorum
795 1457 974 1524 calcaverunt,
992 1458 1120 1527 implicati
1140 1458 1214 1524 limo,
1233 1476 1283 1513 ae-

167 1577 222 1633 gre
243 1556 412 1627 explicantes
439 1571 575 1627 gressum,
594 1571 684 1608 rursus
704 1572 749 1621 se,
775 1557 820 1625 qui
840 1554 930 1624 paullo
955 1562 1016 1608 unte
1036 1557 1082 1609 vir
1108 1565 1281 1625 emerserant,

165 1657 250 1712 siluis
267 1653 432 1723 trepidantes
451 1652 617 1706 occulebant.
654 1652 817 1706 Perturbatis
839 1668 904 1723 ergo
920 1652 1057 1705 ordinibus
1075 1669 1171 1708 caesae
1190 1655 1282 1724 legio.
1397 1650 1401 1661 '

166 1768 229 1807 nes.
267 1749 394 1805 Heraclio
422 1749 619 1802 lorinianornm
640 1748 763 1814 tribuno,
784 1764 816 1800 ao
834 1763 921 1816 paene
941 1749 1063 1802 omnibns
1088 1751 1133 1819 qui
1152 1750 1283 1821 militibus

165 1853 317 1921 praeerant
341 1848 497 1913 exstinctis,
526 1848 619 1915 prucis
638 1847 767 1917 effugium
789 1852 874 1897 tutum
897 1860 951 1898 uox
974 1855 1001 1899 et
1025 1846 1137 1900 latibula
1154 1847 1282 1903 silvarum

175 1949 377 2019 proceritatem.
397 1945 468 2019 Haec
487 1945 514 1995 in
534 1946 613 1996 tertio
632 1944 767 1996 Historiae
785 1942 854 1995 iibro
873 1944 1000 1996 nnmuvit.
1057 1944 1087 1996 iu
1107 1951 1200 2013 quarto
1215 1961 1282 2000 uero

175 2046 262 2112 libro,
282 2058 342 2097 curn
361 2042 395 2095 de
413 2041 605 2095 interiectione
625 2041 741 2093 Victoris
763 2039 811 2092 iiiii
829 2039 935 2092 nissimi
956 2042 1061 2108 tyranni
1080 2048 1208 2109 narraret,
1228 2044 1281 2095 uit:

178 2142 247 2211 „so
265 2137 514 2209 temporecarietto
534 2145 561 2191 et
581 2139 662 2205 Syrus
681 2139 708 2189 in
727 2136 815 2190 locum
833 2135 954 2190 Nanneni
973 2139 1109 2209 subrogati
1128 2139 1157 2189 in
1170 2139 1281 2193 Germa.

180 2240 294 2293 niam
304 2239 426 2301 exercitu
445 2237 569 2304 opposito
586 2235 695 2288 Francis
713 2233 955 2287 diversabanturss
978 2234 1013 2286 Et
1031 2241 1092 2303 post
1109 2251 1204 2304 panca,
1223 2253 1282 2291 cum

183 2335 276 2390 Franci
286 2332 464 2389 iaGermaniu
475 2332 587 2401 praedas
597 2331 730 2397 tulissent,
750 2331 865 2384 adiecit:
885 2331 988 2398 „litun
999 2331 1163 2403 Arbogestea
1175 2333 1283 2388 differre

182 2431 275 2487 voians
291 2438 442 2499 commonet
460 2429 601 2483 Gaesarem
626 2444 727 2498 poenas
754 2429 856 2482 debitas
882 2444 898 2482 u
916 2427 1024 2482 Francis
1049 2429 1211 2500 exigendas,
1230 2432 1282 2485 nisi

178 2530 302 2582 universa
325 2543 395 2598 qnae
413 2528 544 2596 superiori
563 2541 632 2579 anno
660 2527 745 2579 caesia
764 2525 925 2598 legionibus,
940 2525 1119 2595 diripuerant,
1141 2525 1292 2581 contestinn

176 2626 352 2681 restituerant
375 2631 552 2695 auctoresque
573 2623 639 2677 beili
660 2622 809 2690 truderent,
837 2624 865 2675 in
883 2638 949 2693 quoa
968 2623 1087 2676 uiolatae
1107 2624 1182 2691 pacis
1199 2624 1283 2692 perii.

176 2724 218 2779 iiia
236 2723 418 2794 puniretnrttt.
442 2721 515 2775 iiaec
530 2727 597 2788 uota,
616 2737 676 2774 cnm
689 2720 779 2774 Duces
799 2726 899 2787 essent,
917 2719 1019 2786 retulit,
1039 2727 1066 2773 et
1084 2719 1212 2790 deinceps
1228 2721 1282 2774 ait:

175 2820 270 2889 ¹„Post
279 2818 337 2874 dies
347 2817 486 2888 pauculos,
507 2818 669 2872 marcomere
681 2824 708 2871 et
717 2817 843 2893 Sunnonp
855 2816 1014 2871 Francorum
1024 2818 1180 2888 Regaiibua,
1191 2825 1281 2872 truns-

173 2925 234 2972 acto
246 2917 346 2971 cursim
364 2914 508 2984 conloquio
528 2916 728 2983 impetratisque
748 2931 782 2967 ex
799 2929 874 2967 more
893 2913 1040 2979 obsidibus,
1058 2914 1092 2967 ad
1112 2913 1282 2968 hiemandum

172 3014 298 3071 nmen·
317 3012 492 3066 concentus.
531 3009 596 3064 Com
622 3018 710 3064 autem
729 3026 775 3065 eos
794 3010 910 3083 Regules
927 3017 1023 3075 vocet,
1042 3013 1176 3065 nescimus
1194 3019 1281 3066 utrum

171 3112 264 3184 nege·
283 3110 402 3174 menne,
421 3125 455 3162 an
475 3110 550 3162 vices
569 3110 704 3161 tenuerint
722 3109 835 3179 iiegum.
878 3107 950 3161 idem
973 3116 1060 3161 tamen
1079 3110 1194 3177 scriptor
1221 3124 1281 3161 curu

169 3208 350 3263 necessitates
369 3205 550 3258 Valentiniani
568 3205 683 3277 Augusti
709 3212 911 3270 commemorat,
930 3204 998 3257 haec
1017 3204 1153 3276 adiungit:
1179 3205 1279 3272 „Dum

169 3306 280 3360 diversa
297 3307 327 3357 in
339 3302 449 3359 Oriente
469 3302 652 3372 perTirraciaa
670 3310 808 3374 geruntur,
825 3304 852 3355 in
871 3301 956 3355 Guiiiu
971 3307 1055 3354 status
1075 3301 1198 3370 publicus
1217 3318 1281 3371 per.

170 3402 301 3461 turbatur,
340 3398 438 3455 Clauso
459 3401 529 3470 apud
549 3402 676 3453 Viennam
695 3399 787 3469 palatii
807 3399 919 3452 aedibus
937 3400 1059 3467 principe
1079 3399 1281 3466 Valentiniano,

173 3506 203 3555 et
217 3515 306 3569 paene
323 3498 393 3552 inira
420 3499 518 3566 privati
536 3498 642 3551 modum
663 3497 787 3559 redacto,
807 3497 927 3550 militaris
953 3497 994 3549 rei
1019 3511 1080 3548 cura
1105 3497 1214 3549 Francis
1234 3511 1280 3549 sa.

171 3596 305 3651 teititibus
330 3596 444 3661 traditu,
465 3595 557 3649 civilia
580 3609 687 3664 quoque
712 3594 800 3646 oiiicia
825 3602 990 3662 transgressa
1017 3593 1044 3644 in
1070 3595 1297 3647 coniurationem

171 3693 347 3765 Arbogutis:
371 3692 513 3762 nullusque
532 3709 566 3745 er
586 3692 707 3745 omnibus
725 3692 901 3745 sacramentis
915 3691 1027 3743 miiitiae
1045 3690 1179 3743 obstrictis
1196 3706 1280 3760 repe.

171 3790 324 3856 rieirantur,
345 3791 390 3861 qni
409 3790 532 3843 iamiliari
553 3789 683 3858 Principis
701 3791 816 3842 sermoni
834 3796 879 3841 ant
897 3790 976 3841 iussis
996 3788 1109 3858 obsequi
1128 3787 1279 3845 anderett‘t.

174 3888 281 3943 Dehinc
300 3886 392 3951 refert,
412 3886 483 3956 quod
501 3887 594 3940 codem
613 3903 682 3940 anno
698 3887 861 3958 Arbogastes
875 3887 1027 3939 sunnonem
1045 3892 1072 3938 ct
1090 3886 1278 3941 marcomerem
1384 3896 1385 3901 ’

175 3985 340 4057 Snirreguios
359 3984 520 4038 Francorum
541 3985 686 4056 gentilibus
713 3986 781 4038 odiis
808 3986 941 4038 insectans
965 3985 1139 4055 Agrippinam
1171 3986 1278 4055 rigente
1317 4054 1322 4061 ἱ

175 4084 288 4135 maxime
310 4082 400 4135 hiemo
419 4066 510 4150 petiit,
537 4090 608 4136 rarus
627 4091 684 4135 tuto
703 4098 795 4135 omncs
817 4082 942 4135 Francius
959 4097 1082 4134 recessus
1101 4082 1279 4151 penetrandos
1325 4060 1330 4067 ’

176 4177 360 4247 urentesque,
379 4192 439 4231 cum
458 4178 577 4231 decussis
593 4178 666 4232 ioiiia
687 4179 773 4232 nudae
789 4185 868 4248 atque
888 4176 994 4231 sinentes
1014 4178 1100 4231 stivae
1111 4179 1277 4230 insidiantes

176 4274 299 4327 ocmiere
318 4288 372 4327 non
400 4281 517 4343 possent.
565 4275 685 4330 Collecto
716 4291 781 4348 ergo
807 4277 928 4330 exercitu
956 4282 1136 4346 transgressus
1154 4275 1276 4330 Menum

176 4370 308 4427 Bricteros
325 4371 401 4441 ripae
419 4374 562 4442 pmxirnos‚
582 4389 679 4446 pagum
698 4375 776 4428 ctiam
794 4389 873 4446 quem
893 4373 1021 4428 chamani
1040 4371 1170 4439 incolunt,
1190 4372 1276 4441 depo-

135 4562 1328 4611 (amn-m)
