2918 4914
93 235 1316 356 w?

139 401 227 451 nam.
239 402 403 452 sarman.
430 404 471 451 an
487 402 557 451 aaa.
573 381 671 453 1232
687 375 1098 467 l.3··..ma.lPCl*.t.13.
1125 383 1237 454 1179*

226 603 261 678 P)
286 602 443 682 „Africani
465 601 639 665 Pannoniae
660 602 695 664 ll.
711 603 854 682 rectoris,
878 602 956 684 apud
979 602 1120 665 Sirmium
1143 619 1242 682 pocu-

139 711 178 774 lis
195 712 392 794 amplioribus
416 712 608 790 madelacti“‚
633 711 744 776 deinde
757 711 962 776 Mediolanum
978 713 1060 776 ducti
1076 713 1242 776 excrucia-

139 821 223 903 tique
244 822 405 885 tormontis
427 841 464 885 ac
486 822 665 903 poenalibus
689 822 831 887 claustris
851 822 955 885 traditi
978 823 1014 886 ad
1032 819 1242 886 a.354.men-

139 929 254 995 tionem
277 931 350 996 lacit
366 931 516 995 Ammian.
526 932 590 996 XV.
601 931 631 1010 3,
641 931 671 995 7.
681 938 711 995 et
726 934 790 1009 11.;
805 931 976 998 idem-vero
992 932 1070 996 xvi.
1079 933 1110 1010 8,
1120 933 1150 995 4.
1160 932 1198 994 ad
1211 949 1240 993 a.

139 1039 212 1106 356.
226 1041 462 1123 „Consularem“
475 1043 517 1105 ait
529 1042 722 1120 „Pannoniae
743 1049 815 1106 tunc
836 1044 1017 1107 Africanum
1040 1061 1109 1106 cum
1132 1041 1243 1104 conui-

140 1151 189 1214 vis
209 1152 379 1215 rettulimus
409 1153 632 1216 interiectum“.
665 1153 873 1217 Gutholredus
896 1161 1014 1233 autem,
1044 1156 1111 1235 ipsc
1132 1152 1244 1216 Panci-

138 1260 238 1324 rolum
261 1263 447 1343 vituperans,
472 1263 553 1343 quod
573 1262 745 1343 llelpidium
760 1263 908 1326 Africano
929 1265 1133 1346 posteriorem
1157 1261 1242 1339 fecit,

139 1370 225 1434 dedit
235 1371 419 1450 „Airicanus
431 1373 468 1435 d.
481 1372 517 1435 D.
527 1371 599 1436 355.
610 1372 703 1436 356.“

224 1479 261 1561 3)
273 1481 347 1562 „Ubi
369 1481 504 1562 [Naessi]
527 1481 684 1546 Victorem
707 1481 786 1563 apnd
807 1483 949 1548 Sirmium
973 1482 1084 1561 visum,
1108 1483 1244 1561 scripto·

138 1606 204 1652 reru
228 1589 420 1670 historicum,
445 1592 618 1673 exindeque
641 1593 749 1656 venire
771 1600 976 1674 praeceptum,
1000 1593 1175 1656 Pannoniae
1188 1592 1247 1655 Se-

140 1699 261 1764 eundae
282 1700 488 1766 Consularenr'
504 1704 655 1783 praefecit
677 1703 824 1780 [lulianus
844 1704 930 1783 imp]
948 1710 979 1764 et
999 1702 1163 1766 honoravit
1189 1721 1246 1764 ae·

139 1825 199 1871 nea
223 1814 331 1889 statua,
354 1811 453 1874 uirum
479 1812 656 1875 sobrietatis
682 1813 781 1896 gratia
806 1812 1034 1890 aemulandum,
1061 1810 1154 1874 rnuuo
1177 1815 1246 1890 post

102 1929 111 1949 ·
140 1915 216 1980 Urbi
238 1917 458 1983 Praelectum“.
484 1921 635 1984 Ammian.
647 1920 714 1982 Xll.
733 1919 781 1997 10,
795 1920 824 1983 6.
837 1920 874 1982 ad
888 1920 996 1984 auor.
1031 1920 1154 1982 Sextum
1177 1919 1246 1980 Au-

140 2028 251 2092 relium
273 2028 430 2094 Victorem
455 2039 588 2095 exeunte
615 2050 642 2094 a.
662 2031 735 2095 388.
768 2030 956 2094 Praelcclunr
978 2031 1012 2092 U.
1035 2030 1146 2093 lactum
1175 2046 1246 2092 esse

140 2138 353 2203 'l'illemontius
379 2159 415 2203 ac
439 2142 598 2204 Cossinius
620 2141 732 2221 pour.
747 2139 869 2203 docent.
901 2139 1077 2202 Theodosio
1097 2139 1135 2201 ll.
1157 2138 1247 2202 basin

143 2248 176 2310 in
200 2248 269 2312 loro
290 2248 415 2312 Traiani
443 2252 523 2315 idem
548 2250 628 2334 erigi
652 2250 786 2327 curavit,
810 2250 896 2312 cuius
919 2248 1077 2328 inscriptio
1099 2267 1138 2312 ex
1160 2255 1247 2330 parte

144 2364 246 2422 exatm
268 2377 314 2441 ap.
335 2360 418 2424 Grut.
437 2360 508 2440 286,
526 2363 556 2422 5.
590 2361 635 2422 lle
664 2359 816 2440 scriptore
844 2359 938 2422 verba
966 2359 1071 2423 lacere
1103 2378 1167 2422 non
1202 2365 1249 2422 est

143 2468 235 2533 liuius
253 2469 326 2533 loci.

229 2579 267 2659 4)
282 2580 329 2641 ad
350 2580 543 2642 Fortunatam
560 2579 759 2643 Consularem
776 2579 952 2642 Pannoniae
967 2579 1128 2642 Secundae
1140 2577 1248 2641 auor.

145 2688 480 2769 imppllalentinianus
509 2697 539 2754 et
561 2690 675 2754 Valens
708 2689 859 2754 dederunt
880 2691 912 2753 L.
924 2691 974 2753 27.
986 2688 1040 2751 Tlr.
1054 2689 1087 2752 C.
1101 2687 1140 2751 de
1156 2703 1250 2750 cursu

144 2797 268 2880 publico
282 2798 360 2862 Vlll.
373 2802 402 2862 5.

232 2909 334 2971 Sirmii
358 2909 463 2972 sedem
485 2909 574 2972 liuius
596 2910 775 2974 Consularis
797 2911 903 2989 luisse,
919 2915 951 2970 ut
972 2907 1250 2989 p.310*.diximus,

146 3022 178 3079 et
202 3036 241 3080 ex
263 3016 301 3079 iis
325 3035 404 3098 quae
426 3018 518 3080 modo
544 3018 640 3082 relata
661 3026 741 3095 sunt,
766 3019 992 3099 comprobatur.

231 3127 364 3190 Severus
389 3128 459 3207 imp.
472 3127 542 3190 olim
557 3128 747 3206 „Pannonias
772 3126 986 3208 proconsulari
1006 3126 1134 3204 imperio
1157 3124 1250 3200 rexit5

147 3241 219 3317 post
242 3235 303 3298 hoc
325 3236 460 3301 Siciliam
487 3235 741 3317 proconsularem
765 3242 848 3298 sorte
871 3235 1008 3312 meruit“‚
1038 3240 1070 3295 ut
1099 3234 1250 3314 spartian.

146 3344 178 3407 in
194 3343 378 3409 ei.vit.c.¹l.
393 3352 525 3437 enarrat.
570 3345 814 3408 vetustissimum
838 3353 936 3409 aulem
961 3343 1188 3426 epigraplricurn
1213 3341 1252 3404 de

146 3455 324 3519 Pannoniae
351 3458 495 3538 praeside
519 3458 725 3520 testimonium
749 3457 780 3518 iu
803 3475 867 3537 seq.
888 3455 972 3517 tilulo
998 3453 1151 3516 Brixicnsi
1181 3468 1253 3514 esse

146 3574 248 3650 putem
272 3567 373 3645 (Grut.
387 3567 460 3632 441.
476 3568 535 3646 lO.,
557 3567 824 3646 Dorrat.339‚7.):
841 3591 991 3630 usmaro.
1006 3591 1069 3628 aas
1089 3567 1095 3648 Ι
1115 3588 1179 3627 ran.
1191 3587 1254 3625 nra-

149 3700 241 3740 carno
263 3679 268 3762 Ι
289 3702 354 3740 cos.
368 3683 415 3742 ἶν.
435 3703 496 3740 vrn.
510 3703 617 3740 sannas.
631 3702 687 3740 rac
706 3679 713 3761 Ι
733 3701 781 3739 nn.
795 3700 863 3738 nne.
880 3700 948 3738 avc.
963 3701 1009 3738 aa.
1026 3697 1130 3737 anans.
1145 3697 1221 3735 anov
1245 3675 1252 3754 Ι

149 3810 294 3851 sansoni.
312 3812 451 3852 lassaron
462 3788 469 3864 Ι
481 3813 509 3850 ι..
526 3813 633 3851 ussrvs.
647 3811 800 3851 arcearis.
813 3810 934 3849 conrnru
945 3785 949 3856 Ι
960 3804 1109 3847 unaesrnr.
1124 3807 1254 3847 onrrnro.
1337 3817 1343 3825 ’

149 3920 186 3960 rr
206 3903 213 3981 Ι
233 3921 387 3961 aanrssrn.
432 3897 515 3960 ldem
532 3900 686 3962 llacrinus
708 3897 876 3961 secundum
894 3895 1141 3959 consimillimum
1163 3894 1255 3957 alium

149 4006 342 4071 Brixiensem
365 4007 481 4070 titulum
507 4027 554 4091 ap.
568 4009 651 4072 Grut.
666 4009 756 4088 1097,
767 4009 809 4087 8.,
834 4009 943 4071 Donat.
954 4005 1026 4084 338,
1037 4007 1066 4070 8.
1079 4007 1170 4068 ctiam
1186 4027 1256 4067 rra.

150 4141 223 4180 avc.
235 4141 325 4181 anona
345 4119 351 4205 Ι
371 4123 451 4194 [ano.
468 4115 558 4189 aare!
577 4119 675 4200 Grut.]
691 4143 777 4197 nnov.
790 4141 878 4182 anns.
894 4124 974 4195 [ann.
994 4117 1095 4197 Grut.]
1112 4114 1257 4178 sarnaio-

150 4226 195 4291 ris
214 4227 279 4292 luit.
