2918 4914
95 232 1304 278 ‘mb-

372 397 440 445 ouu.
456 359 552 444 xr'rxr.
576 396 617 443 ao
642 395 712 443 aaa.
729 374 807 444 91*.
834 383 880 459 tt.
897 375 1021 447 5...12.
1149 375 1239 448 667*

140 591 195 672 qui
218 609 274 672 per
304 592 532 674 neglegentiam
562 591 622 654 hoa
655 592 797 672 oppidum
829 609 896 654 cum
917 593 1036 656 Acinco
1054 610 1079 655 s.
1099 590 1240 672 Aquinco
1274 614 1276 619 ·

140 699 288 765 Valeriae
307 702 504 783 confundant,
526 708 559 766 ut
577 701 665 765 Bruz.
678 701 707 766 la
720 701 807 766 llart.
821 721 851 763 v.
865 701 1069 764 Acumincum.
1102 701 1243 764 Ammia-

139 828 199 873 nus
221 811 302 875 xtx.
328 816 376 893 11,
392 814 422 876 8.
442 813 480 877 ad
500 833 528 877 a.
545 812 617 877 359t
640 812 756 893 ,vallo“
785 813 883 893 iuquit
911 831 1024 893 „prope
1048 812 1252 901 Acimincum!

140 922 360 998 [Acumincum
387 921 499 1003 Voles]
522 924 625 986 locato
650 923 796 1005 celsoque
823 940 940 1005 aggere
964 922 994 984 in
1021 921 1155 1003 speciem
1185 923 1243 986 tri-

143 1030 267 1096 bunalis
288 1040 393 1097 erecto
416 1052 513 1096 naves
536 1032 683 1096 vehentes
707 1032 855 1113 quosdam
876 1031 1067 1115 legionarios
1082 1008 1250 1117 expeditos

142 1142 267 1206 alveum
292 1144 424 1206 llnminis
453 1145 624 1225 proximum
647 1143 723 1226 ripis
752 1143 920 1207 observare
947 1149 1017 1206 sunt
1044 1143 1147 1207 iussae
1175 1160 1242 1204 cum

144 1252 326 1317 innocentio
350 1255 482 1335 quodam
496 1254 710 1336 agrimensore
725 1256 746 1294 ⁴*
770 1260 896 1317 auctore
913 1254 1046 1333 consilii,
1069 1258 1102 1314 ut
1123 1253 1151 1316 si
1166 1252 1243 1314 bar-

141 1365 240 1429 baros
274 1365 457 1428 tumultuare
489 1365 677 1443 sensissent,
709 1364 853 1429 aliorsum
882 1365 1015 1426 intentos
1049 1368 1119 1444 post
1156 1368 1243 1443 terga

138 1472 349 1554 pervaderent
371 1474 541 1555 improvisi.
587 1475 673 1550 Quae
684 1473 873 1555 Limigantes
896 1473 970 1536 licet
990 1471 1151 1554 properari
1168 1488 1244 1535 sen-

137 1584 249 1648 tirent“
273 1590 304 1646 et
323 1603 347 1647 c.
393 1584 539 1648 Simlerns
564 1584 686 1647 Cometa
709 1602 778 1648 esse
805 1584 1018 1666 interpretatus
1043 1586 1107 1660 est,
1133 1581 1244 1646 Larius

139 1699 173 1758 et
191 1693 369 1757 lilannertus
389 1695 467 1775 apud
488 1692 771 1771 Ait-Soloulemcn,
793 1693 983 1758 Reiclrardus
1007 1699 1037 1755 et
1058 1692 1189 1773 Lapieus
1212 1691 1244 1752 in

139 1803 209 1884 ipso
232 1803 451 1883 Solonlacmcn,
476 1804 669 1883 llucharius,
692 1805 742 1884 qui
767 1802 937 1884 complures
960 1802 1048 1866 locos
1073 1801 1244 1882 dequibus

140 1912 173 1975 in
198 1913 307 1976 dextra
320 1913 451 1975 Danubii
474 1913 540 1994 ripa
560 1915 638 1978 sitos
663 1913 760 1976 luisse
774 1912 849 1975 satis
872 1918 1007 1993 apparet,
1031 1913 1062 1974 iu
1087 1911 1243 1974 sinistram

110 1999 116 2006 ’
139 2021 326 2101 collocavit,
351 2023 430 2084 inter
451 2022 623 2085 Danubium
643 2022 875 2102 Tibiscumtpue,
907 2021 1067 2102 Hormayr.
1086 2020 1118 2081 in
1136 2017 1244 2081 Peter-

138 2132 280 2196 aoor‘dein
301 2132 510 2214 quaerendum
535 2151 606 2196 esse
630 2133 774 2213 oppidum
797 2135 982 2194 censuerunt
990 2152 999 2208 3
1026 2131 1170 2193 llatancs.
1187 2148 1244 2192 au-

138 2248 200 2307 tem
233 2242 312 2324 apud
341 2243 442 2304 vicum
467 2241 633 2304 lt'crcscdin
655 2242 823 2306 vilitat.
844 2241 876 2304 in
898 2258 1003 2303 occas.
1024 2259 1042 2302 a
1064 2237 1244 2304 Slanlrcmcn

139 2354 232 2417 situm
256 2352 352 2417 luisse
375 2352 516 2432 affirmat,
541 2352 733 2432 eundemque
756 2351 794 2414 ab
816 2354 926 2415 Acuno
949 2349 1117 2414 'labdeut
1132 2349 1245 2414 distin-

140 2451 297 2544 guendum
318 2480 387 2527 esse
402 2469 496 2546 negat
514 2469 606 2543 atque
625 2461 714 2524 huius
730 2460 853 2542 quidem
868 2460 937 2540 viri,
954 2461 1122 2525 Pannonici
1135 2461 1241 2543 ipsius,

140 2572 324 2636 sententiam
347 2571 622 2653 comprobaverim.

226 2718 267 2730 -
287 2683 333 2758 vl.
360 2684 408 2746 10.
431 2689 493 2763 stp]
516 2680 741 2743 dtulitionorum
761 2679 796 2745 d.
814 2718 854 2730 -
877 2679 1088 2744 Secondcram
1110 2679 1239 2764 (sodor,

140 2784 210 2872 att,
235 2789 409 2883 focaudus,
435 2791 477 2872 a)
499 2806 576 2852 otae.
600 2798 632 2853 et
651 2808 706 2872 aa,
730 2791 881 2855 Secundis
904 2787 989 2879 staff.
1031 2791 1128 2857 Nemo
1153 2813 1243 2876 quem

142 2907 238 2970 sciam
262 2904 351 2967 huius
380 2904 461 2983 loci,
485 2906 512 2968 si
541 2911 643 2968 tamen
676 2905 763 2966 locus
796 2903 870 2982 suit,
903 2911 1027 2985 praeter
1050 2905 1242 2969 l'ancirolum

142 3015 295 3095 meminit,
321 3015 391 3095 qui,
412 3021 445 3076 ut
462 3014 605 3095 videtur,
629 3014 705 3078 nihil
729 3021 781 3077 aut
804 3020 890 3078 certe
913 3014 989 3077 nihil
1011 3020 1128 3078 rectum
1151 3015 1244 3099 cogi-

143 3131 208 3190 tans
231 3125 408 3189 annotavit:
432 3126 573 3204 ,Cuneus
596 3144 665 3206 eqq.
683 3124 758 3189 ltall.
776 3125 944 3189 Secundis
969 3125 1051 3188 unde
1076 3125 1154 3188 sorte
1183 3126 1243 3188 Se·
1275 3174 1277 3182 .

146 3236 275 3300 cundani
302 3235 436 3313 milites,
468 3253 559 3317 supra
591 3236 647 3298 sub
672 3234 789 3297 Comite
820 3235 976 3307 dirimet
1019 3234 1093 3298 ltlihi
1122 3234 1243 3297 videtur

145 3344 368 3410 italicianorum
392 3343 645 3409 Secundanorum
670 3343 834 3427 legendum
867 3363 958 3422 esse,
993 3360 1106 3405 nomen
1141 3349 1241 3407 autem

145 3451 213 3534 loci,
234 3455 288 3517 ubi
314 3455 426 3520 stativa
446 3454 626 3531 habuerunt,
655 3452 822 3533 excidisse,
846 3454 928 3536 quod
952 3452 1020 3515 aliis
1045 3469 1166 3533 quoque
1191 3452 1242 3515 lo-

148 3564 186 3627 cis
208 3567 322 3629 iactum
345 3584 416 3630 esse
438 3567 488 3646 qui
511 3565 590 3627 hanc
604 3564 748 3626 Notitiam
769 3563 820 3626 vel
840 3564 953 3627 cursim
974 3564 1240 3645 transcucurrcrit,

148 3671 206 3754 ipse
226 3676 348 3739 viderit.
393 3676 439 3738 Cl.
453 3695 481 3757 p.
495 3674 581 3740 utu.
593 3693 639 3755 sq.
651 3676 688 3738 ad
701 3693 729 3756 p.
744 3675 809 3738 ud.
822 3674 850 3749 i.
863 3674 913 3736 96.

224 3823 263 3835 -
288 3785 316 3861 i.
344 3787 407 3866 12]
433 3784 531 3847 Nouis
557 3780 643 3877 turpi.
689 3784 739 3846 Ad
765 3781 873 3846 Nouos
893 3784 927 3846 lt.
945 3785 1059 3864 dntp.
1076 3782 1242 3849 litanda

148 3889 241 3961 locum
266 3895 347 3958 inter
362 3892 500 3960 Osaclas.
514 3895 615 3960 Esnelt
636 3902 667 3960 et
686 3894 820 3959 Antiana
845 3891 1083 3976 (Baronyoodr,
1108 3895 1187 3976 aliis,
1210 3900 1243 3956 ut

239 4157 267 4222 ⁹)
291 4147 657 4216 ct.Eunap.apudttates.h.
671 4148 729 4200 let
746 4148 910 4200 Gromuticos
929 4154 1034 4199 veteres
1054 4163 1087 4198 ox
1106 4145 1243 4199 cdltaeh-

152 4245 339 4312 manmderol.
358 4246 434 4298 1848.
447 4260 472 4311 p.
484 4245 545 4302 310,
557 4261 614 4313 sqq.
633 4243 820 4311 ,innocentius
841 4246 911 4315 V[ir]
934 4243 1173 4313 P[erlectissimus]
1193 4256 1243 4292 aa·

145 4349 202 4396 ator
214 4345 248 4397 da
269 4342 367 4397 litteris
386 4350 413 4395 et
431 4345 502 4393 notis
521 4343 587 4394 iuris
608 4342 796 4418 erpolnendis‘t.
909 4395 914 4402 ,
