2918 4914
126 250 1313 364 ᾛἿ

207 396 680 479 cur.xxxu1.nurne.‘106*.l.
696 400 730 467 8.
741 421 797 494 sq.
812 418 922 468 ...aaa
934 390 1121 478 107*.l.'1.
1148 396 1240 469 825*

144 613 322 696 Celticoque
335 617 486 680 vocabulo
495 635 653 698 praecator,
662 618 744 680 undo
758 618 911 699 Apollinis
928 619 1046 682 Granni
1056 637 1169 682 nomen
1183 619 1244 683 de-

142 724 315 806 ducendum
338 745 409 791 esse
427 729 574 791 nonnulli
589 729 760 808 uoluerunt,
776 730 928 812 originem
942 736 1069 812 polerel.
1101 731 1242 794 Celerum

140 843 173 898 ul
194 836 253 899 alia
272 836 362 900 mulla
379 839 545 902 civilalinm
566 841 807 921 populorumque
825 842 948 904 nomina
970 843 1000 903 in
1023 848 1150 923 ulraque
1173 839 1243 904 lreli

142 947 250 1009 Gallici
268 966 322 1011 ora
337 949 413 1012 mire
428 951 508 1013 inter
523 969 557 1013 se
573 952 769 1030 conveniunt,
786 953 825 1014 ita
850 971 917 1014 oum
938 951 996 1015 bac
1010 952 1153 1030 statione,
1164 968 1243 1033 quae

141 1075 170 1136 p.
183 1075 246 1139 seq.
256 1060 283 1133 l.
297 1060 343 1123 12.
358 1061 485 1140 iterum,
508 1063 535 1124 si
557 1082 605 1125 me
626 1063 731 1140 audis,
755 1069 945 1140 recenselur,
969 1061 1151 1124 conserendi
1174 1065 1244 1124 sunl

144 1167 414 1232 Gariannoneuses
439 1171 636 1234 Gariannono
659 1172 715 1233 sub
737 1172 914 1235 britannico
927 1171 1045 1234 Gomile
1055 1169 1169 1234 Litoris
1184 1170 1244 1235 Sa·
1334 1181 1336 1185 ’

142 1277 247 1339 xonici
269 1286 431 1346 merenles.
454 1300 482 1361 p.
493 1281 563 1344 81*.
576 1283 621 1358 ll.
634 1283 664 1345 4.
674 1301 720 1362 sq.
737 1318 777 1329 —
799 1282 887 1344 litore
906 1289 991 1345 recle
1011 1274 1068 1343 ffib.
1082 1318 1122 1330 -
1138 1279 1244 1343 Soco-

140 1388 192 1448 m'o
213 1382 337 1450 auce.
380 1389 426 1451 lle
454 1391 556 1453 Litore
579 1393 733 1456 saxonico
763 1392 826 1454 dixi
847 1401 941 1473 supra
968 1410 997 1473 p.
1008 1390 1096 1458 5472
1107 1409 1154 1472 sq.
1196 1390 1244 1454 Ex

141 1501 373 1580 comparatione
401 1500 488 1562 huius
511 1500 573 1562 loci
597 1519 663 1563 cum
687 1502 843 1581 sequendis
868 1503 1245 1582 cup.§.l.num.1.uppa-

140 1615 187 1672 rel
208 1615 303 1672 lolam
327 1628 411 1672 oram
426 1592 632 1674 Normandiae
656 1612 903 1691 septentrionalis
926 1629 1024 1692 usque
1047 1612 1086 1676 ad
1105 1612 1244 1675 Morinos

140 1719 215 1781 illud
238 1721 384 1784 Saxonici
405 1720 504 1784 litoris
525 1738 579 1801 per
596 1719 710 1783 Gallias
733 1738 845 1784 nomen
867 1723 1016 1804 gessisse,
1041 1722 1126 1784 cuius
1148 1723 1245 1785 meri-

142 1830 275 1893 dionalis
296 1832 408 1912 porlio,
431 1851 469 1893 ex
492 1849 559 1893 mea
582 1831 703 1910 quidem
727 1832 888 1909 sententia,
909 1848 1004 1911 usque
1021 1831 1059 1893 ad
1075 1833 1243 1910 Sameram,

139 1940 196 2001 sub
216 1940 277 2003 lroc
297 1942 392 2018 Duce,
417 1941 665 2021 septentrionalis
694 1948 804 2019 aulem,
831 1940 918 2003 bea
941 1941 1067 2005 Samara
1091 1942 1243 2022 usquein

140 2050 323 2115 Germaniae
345 2052 502 2114 inferioris
523 2051 617 2130 lines,
640 2053 696 2114 sub
720 2052 805 2113 Duce
825 2050 971 2132 Belgicae
992 2051 1154 2115 Secundae
1175 2051 1242 2131 lut,

140 2160 189 2222 cui
211 2162 292 2241 ipsas
318 2180 438 2243 quoque
457 2161 639 2224 Germaniae
655 2160 827 2238 Secundae,
850 2177 928 2242 quae
948 2162 1103 2242 proprium
1117 2160 1163 2224 rei
1182 2161 1245 2223 mi-

139 2270 237 2334 litaris
261 2272 407 2335 Comitem
430 2272 584 2335 Ducemve
605 2290 668 2334 non
689 2272 832 2349 babebat,
854 2270 1047 2352 navigabiles
1068 2276 1171 2351 parles
1187 2288 1245 2352 pa-

116 2402 120 2409 ²
140 2383 216 2445 riter
239 2380 328 2462 atque
349 2381 425 2442 busci
451 2382 632 2445 Germaniae
655 2383 771 2448 Primae
793 2381 948 2447 subfuisse
972 2397 1034 2442 non
1057 2380 1173 2442 dubilo.

226 2491 311 2554 unc.
337 2494 427 2556 roeo.
447 2482 479 2565 ‘a
497 2478 539 2570 ej
560 2492 622 2554 nos
644 2492 787 2567 paonis.
809 2489 844 2553 e.
858 2528 899 2539 -
921 2490 1036 2552 milium
1055 2485 1139 2576 p...
1159 2489 1243 2553 car.

141 2602 312 2662 roncaliam
331 2594 424 2662 aba.
452 2602 682 2665 Cremonensium
705 2607 756 2662 u'⁵.
791 2601 982 2664 Parrcirolus:
996 2602 1052 2682 „Hi
1075 2621 1113 2665 ex
1128 2601 1244 2666 Garro-

141 2712 194 2774 nio
206 2711 373 2792 Hispaniae
393 2713 469 2774 urbe
492 2713 570 2791 apud
586 2711 712 2773 Plinium
736 2719 823 2774 erant
846 2712 1024 2774 contracli“.
1048 2712 1154 2790 lmmo,
1168 2710 1241 2774 Plin.

141 2820 176 2882 H.
187 2822 224 2884 N.
240 2821 275 2882 ll.
294 2822 361 2887 103.
374 2829 449 2884 secl.
466 2822 535 2885 106.
548 2821 598 2902 „ln
621 2822 797 2885 Carrinensi
821 2822 989 2902 Hispaniae
1011 2839 1099 2904 agro.
1114 2826 1151 2883 .“.
1178 2821 1243 2884 Ne-

142 2948 200 3010 que
225 2928 386 3012 liopdnov
409 2932 482 2994 l'lol.
501 2933 535 2995 ll.
555 2932 647 3008 ossi).
664 2932 866 2994 Callaicorum
889 2932 1072 2996 Lunensium
1100 2929 1260 3012 oppidum¹

107 3046 118 3121 J
140 3041 396 3103 medilerraneum
412 3050 504 3119 (cave
520 3042 630 3104 credas
647 3060 716 3105 esse
730 3042 870 3119 Comae)
887 3042 946 3104 buc
962 3044 1116 3124 periinere
1129 3040 1242 3104 credo:

143 3150 183 3211 de
196 3151 442 3213 Garroaensibus
459 3171 483 3215 s.
498 3153 769 3232 Gerumnensibus‚
781 3153 966 3233 Aquitaniae
985 3153 1108 3234 populo,
1131 3150 1242 3231 dequo

140 3261 526 3341 1).981*.aop.36*.l.eo.
542 3263 682 3341 diximus,
699 3264 759 3325 boc
773 3262 954 3325 vocabulum
974 3262 1095 3341 accipio
1105 3282 1114 3337 3
1131 3259 1242 3323 milites

141 3371 213 3434 inde
227 3373 388 3447 ,nominali
412 3373 509 3450 „intra
531 3372 644 3435 Gallias
674 3391 741 3434 oum
769 3393 798 3434 v.
812 3374 854 3462 ill.
874 3373 953 3454 llag.
967 3372 1043 3451 qu.
1058 3370 1242 3433 Galliarum“

141 3481 271 3551 luerunt.
296 3516 337 3528 -
360 3479 479 3544 Blobio.
503 3484 577 3545 Cum
599 3481 779 3564 Saluagerio
801 3482 854 3559 (de
873 3483 904 3543 lc
917 3481 1097 3561 Sauuupdre
1118 3478 1244 3542 Recues'd

141 3591 284 3670 d’unlipq.
307 3592 384 3652 dures
412 3592 455 3651 les
488 3592 609 3652 Goules.
633 3590 705 3653 Par.
726 3592 815 3655 1770.
837 3595 878 3654 4⁰.
900 3611 928 3672 p.
948 3590 1038 3668 aba.)
1056 3589 1242 3671 Aquitaniae
1297 3537 1302 3701 ι

140 3703 302 3765 Secundae
318 3702 460 3782 oppidum
483 3700 511 3761 n.
526 3701 546 3762 l.
560 3699 717 3780 designari
739 3708 822 3780 puolo,
849 3701 929 3781 quod
947 3700 1070 3762 militari
1084 3697 1241 3781 praesidio
1297 3706 1302 3777 1

141 3813 301 3874 defensum
325 3812 461 3875 celebrat
480 3809 863 3892 Aus011.episl.X.15.sq.

278 3960 616 3986 .........
637 3922 728 3992 glarea
747 3925 807 3973 lrila
828 3925 926 3974 viarum

341 4019 403 4070 Fert
422 4020 560 4072 militarem
579 4021 611 4072 ad
628 4020 771 4071 Blaviamss.

138 4124 398 4135 -—-—---—-—-
402 4127 473 4134 ——a

141 4168 279 4234 quianam
307 4169 358 4216 sint
383 4169 409 4218 in
437 4168 488 4219 lino
515 4168 663 4233 amandati,
684 4182 822 4237 granorum
848 4167 958 4219 formum
977 4165 1166 4218 emeram...
1189 4161 1240 4215 Sed

140 4263 246 4314 uidetur
273 4262 340 4315 llaec
360 4280 445 4315 vox..
460 4265 765 4334 significasse..barbae
785 4280 841 4316 eom
869 4270 968 4330 perlem
989 4277 1055 4330 quae
1075 4260 1142 4311 inlra
1163 4273 1240 4310 arares

141 4367 181 4412 eal
200 4376 248 4411 seu
267 4367 411 4427 rrrpslacern
432 4362 663 4434 [selmum-bort]“,
682 4369 709 4412 ul
729 4377 762 4413 en
781 4359 893 4414 Eruullo
912 4359 1030 4414 lloileusi
1048 4357 1151 4428 probat.
