2918 4914
244 599 364 663 genera
388 580 550 657 lrvrrenun,
573 583 624 640 aul
649 576 821 659 iugulamur
843 583 895 639 aut
916 575 1102 659 mergimur'.
1148 575 1212 639 Nec
1233 591 1290 655 pro
1313 574 1359 637 eis
1412 612 1421 681 ᾗ

244 693 409 773 quicquam
434 688 726 775 adiutoriihabcut.
771 688 890 751 lntcrca
914 686 1004 751 lamis
1029 686 1096 749 dira
1120 705 1156 749 ac
1179 684 1358 748 famosissi·
1410 692 1420 777 3¹

245 802 407 885 managis
434 820 472 864 ae
494 798 679 885 laetabundis
701 798 829 887 haeret,
853 815 932 879 quac
954 796 1065 859 mullos
1089 794 1357 887 eorqqperucntis
1410 744 1419 885 {l

243 911 400 992 compellit
428 909 639 993 praedonibus
671 907 739 995 sine
763 907 911 970 dilatione
943 907 1041 969 victas
1074 906 1148 969 darc
1171 923 1297 987 nrpnus,
1325 909 1356 975 ul
1409 884 1418 935 '¹

240 1020 407 1101 pauxillum
428 1020 467 1103 ad
489 1017 725 1082 refocillandam
749 1017 881 1097 aninraru
906 1015 967 1077 cibi
989 1022 1153 1097 caperent,
1177 1014 1256 1097 alios
1276 1031 1355 1077 vero
1408 1038 1417 1093 p

240 1148 391 1212 nusquam
396 1152 405 1209 ;
424 1130 495 1210 quin
517 1130 619 1213 potins
640 1128 679 1215 de
699 1127 773 1209 ipsis
794 1127 959 1207 montibuS,
980 1126 1146 1215 speluncis
1159 1145 1196 1189 ae
1212 1124 1354 1207 saltibus,
1407 1094 1416 1185 l

240 1239 340 1303 dumis
363 1239 517 1313 consertis
542 1239 687 1323 continue
711 1236 912 1301 rebellabant.
958 1236 1063 1317 xvup.
1082 1236 1129 1317 De
1149 1234 1294 1299 victoria.
1318 1234 1362 1301 Er.
1407 1204 1416 1257 ΙΙ

239 1354 302 1413 turn
324 1349 453 1430 primurn
487 1348 620 1411 inimicis
654 1368 708 1428 per
739 1348 850 1412 mullos
883 1366 981 1411 arunas
1017 1349 1047 1409 in
1075 1354 1156 1427 terra
1189 1345 1355 1431 agentibus
1405 1334 1414 1379 Ἐ

239 1464 362 1543 strages
386 1459 564 1522 dabant...
589 1458 713 1543 Quievit
734 1476 898 1538 parumper
923 1458 1118 1521 inimieorum
1135 1456 1277 1537 audacia,
1294 1474 1354 1519 nec

237 1573 542 1652 tamenunostrorurn
573 1567 705 1633 malitia:
730 1574 930 1651 recesserunt
950 1566 1057 1631 hostes
1082 1584 1098 1626 a
1123 1565 1261 1644 civibus,
1295 1582 1354 1628 nee
1403 1562 1412 1637 ll

238 1676 363 1740 eivcsa
393 1679 458 1739 suis
483 1677 666 1745 sceleribus.
714 1676 795 1741 XlX.
815 1677 862 1739 lle
884 1676 1063 1739 sceleribus.
1081 1723 1137 1739 .....
1146 1677 1353 1739 Revertantur
1403 1692 1412 1783 'j

236 1806 313 1872 ergo
344 1788 538 1869 impudentes
567 1795 765 1871 grassatores
797 1788 835 1851 ad
871 1788 1017 1851 hibernas
1051 1788 1161 1851 donros
1192 1792 1268 1867 post.
1289 1803 1360 1865 nou,
1403 1820 1412 1891 3,

238 1900 363 1963 multum
388 1901 546 1981 temporis
570 1903 737 1965 reversuri.
784 1900 859 1962 l'irti
890 1900 919 1962 in
952 1906 1089 1963 extrema
1120 1904 1206 1980 parte
1232 1897 1353 1961 insulae
1402 1948 1411 1977 .,

236 2014 310 2075 tunc
332 2011 461 2091 primum
492 2016 523 2071 et
552 2010 699 2091 deinceps
731 2011 949 2093 requieverunt
973 2011 1106 2090 praedas
1132 2016 1163 2070 ct
1186 2009 1353 2071 contritio·
1402 2044 1411 2101 ¹.

235 2138 293 2187 nes
317 2138 537 2202 nonnunquam
561 2121 723 2203 lareicntcs.
771 2119 802 2182 ln
828 2120 941 2183 talibus
965 2121 1068 2201 itaque
1093 2118 1228 2183 induciis
1252 2118 1352 2181 deso·
1401 2076 1410 2195 ll

234 2228 297 2311 lato
324 2231 436 2311 populo
461 2249 556 2294 saeva
583 2231 714 2295 cicatrix
739 2230 913 2309 obducitur,
941 2229 1001 2293 alia
1024 2228 1228 2291 virulentiore
1251 2233 1357 2291 taetus
1399 2198 1409 2309 Ϊ,

234 2339 411 2420 pullulante.
449 2341 628 2421 quiescente
652 2346 752 2423 autem
780 2341 954 2403 vastatione
976 2339 1068 2403 tantis
1091 2336 1351 2403 abundantiarum
1399 2318 1409 2443 ll

233 2451 333 2531 copiis
356 2450 455 2513 insula
482 2450 639 2527 alllucbal,
662 2457 694 2513 ut
717 2450 799 2513 nulla
824 2449 931 2513 haberi
958 2450 1036 2513 tales
1063 2455 1147 2513 rclro
1174 2453 1261 2511 actas
1282 2465 1350 2511 me-
1399 2444 1408 2531 l¹

129 2590 134 2597 -
231 2560 370 2623 minissct
382 2607 461 2622 .....
516 2562 582 2624 XX.
609 2560 657 2621 De
680 2560 830 2623 arentintis
860 2559 961 2623 subito
982 2557 1132 2621 hostibus.
1166 2544 1408 2635 Interea...'

231 2670 366 2732 omnium
381 2677 523 2750 penetrat
538 2688 642 2750 aures,
660 2671 720 2735 inm
736 2672 858 2753 iamque
877 2670 1028 2755 arlventus
1051 2678 1192 2733 veterum
1213 2668 1348 2751 hostiurn
1404 2746 1407 2753 Ι

229 2778 398 2845 volentium
422 2782 544 2863 penitus
570 2787 664 2855 lolam
693 2782 801 2845 delere
826 2788 856 2844 ct
887 2780 1063 2845 inhabitare
1088 2779 1182 2843 solito
1211 2796 1302 2843 more
1330 2796 1349 2840 a
1398 2754 1407 2809 ⁵³

228 2890 288 2957 hnc
310 2908 409 2972 usque
436 2891 475 2953 ad
499 2892 661 2955 terminum
686 2893 901 2975 regionem...
934 2890 1017 2955 XXl.
1033 2889 1081 2953 De
1101 2890 1230 2969 femora
1247 2894 1347 2969 perte.

288 3001 383 3065 XXll.
398 3000 445 3062 De
470 3001 608 3079 reovalem.
678 3002 786 3066 XXlll.
803 3000 851 3063 De
872 3000 1019 3063 saeviore
1039 3001 1132 3071 multo
1151 2997 1266 3079 prioris
1288 2997 1348 3060 lto-
1401 3002 1405 3019 '

225 3116 281 3172 ste.
327 3111 400 3174 Turn
424 3130 533 3175 omncs
565 3112 736 3175 consiliarii
763 3129 824 3174 una
848 3129 917 3173 eum
944 3110 1078 3193 superbo
1102 3115 1236 3190 tyranno
1264 3106 1347 3175 Gur·
1395 3112 1404 3131 ''

226 3221 400 3305 thrigcrno,
424 3222 642 3286 Britannorum
666 3223 757 3299 (lucre,
783 3227 950 3287 caecantur
972 3228 1003 3284 et
1024 3220 1262 3285 adinvenientes
1286 3218 1346 3282 tale

224 3332 425 3411 praesidium,
450 3334 512 3396 imo
539 3333 697 3396 excidium
721 3333 850 3413 patriae,
876 3340 907 3394 ut
929 3331 1120 3397 ferocissimi
1143 3330 1187 3393 illi
1213 3328 1344 3393 nefandi

226 3442 361 3505 nominis
383 3444 542 3520 Saxones,
574 3444 634 3505 dco
659 3443 899 3524 hominibusque
929 3442 1044 3520 invisi,
1070 3440 1157 3521 quasi
1180 3439 1213 3501 in
1238 3438 1345 3503 caulas

223 3550 285 3631 lupi
307 3554 337 3614 in
356 3554 488 3618 insulana
512 3555 550 3618 ad
574 3554 782 3619 retrudendas
804 3553 997 3635 aquilonales
1021 3557 1132 3633 gentes
1157 3549 1346 3613 intromitte·
1396 3630 1400 3649 Ι

224 3667 341 3724 rentur.
366 3681 426 3744 quo
443 3666 549 3745 artique
571 3665 646 3727 nihil
670 3666 698 3728 ei
719 3682 848 3745 usquam
869 3662 1088 3745 perniciosius,
1110 3659 1187 3739 nihil
1209 3659 1345 3723 aurarius

222 3770 515 3835 laetunrest.....“.
581 3775 666 3837 Beda
690 3775 726 3837 ll.
740 3775 849 3837 E.l.5.
864 3772 1015 3852 (irvaxime
1034 3791 1074 3835 ex
1097 3768 1346 3851 0ros.l.c.)„Ut
1397 3772 1400 3777 '

222 3878 358 3943 Severus
387 3890 546 3962 receptam
569 3884 748 3959 Britanniae
774 3889 892 3963 purtem
915 3880 996 3943 vallo
1020 3902 1037 3943 a
1060 3886 1165 3943 celera
1191 3879 1345 3945 dislinxc-
1396 3896 1399 3907 ¹

222 3988 349 4050 rit.....
381 3991 488 4054 Victor
513 4012 590 4077 ergo
620 3994 755 4056 civilium
786 3991 954 4069 bellorum,
989 4008 1068 4070 quac
1098 3989 1126 4051 ci
1156 3988 1344 4073 gravissima
1447 4042 1449 4059 ,

222 4108 446 4177 occurrerant,
477 4104 507 4163 iu
531 4103 706 4166 Britannias
731 4101 854 4163 rlelcctu
886 4119 984 4180 paene
1013 4100 1150 4163 onmium
1184 4099 1345 4163 sociorum

219 4208 367 4286 trahitur,
391 4211 444 4272 uln
475 4214 598 4293 magnis
620 4212 833 4293 gravibusque
855 4210 985 4292 procliis
1008 4228 1103 4291 saepe
1125 4208 1224 4291 gestis
1251 4226 1345 4273 rece·

218 4324 301 4399 ptam
322 4330 440 4399 pralium
470 4324 589 4387 insulae
613 4344 630 4385 a
657 4322 772 4387 ceteris
793 4322 952 4385 indomitis
975 4319 1132 4403 gentibus,
1156 4337 1221 4383 non
1242 4334 1343 4397 muro,
1447 4298 1449 4363 l
