2918 4914
110 242 1343 309 ‘mam

245 414 378 466 ouran.
402 417 442 465 sn
464 417 532 465 rao.
548 398 701 480 119*·id'·
712 398 863 491 23.sqq.
872 417 913 464 on
924 414 1125 467 comittere·
1154 389 1266 466 tota*

163 637 220 701 per
245 616 439 680 occidentem
460 618 668 681 Romanorum
698 616 828 697 imperio
857 616 947 697 plane
969 616 1111 679 evanuit:
1142 614 1269 693 Sarma-

164 735 215 792 tae
236 727 329 806 enirn,
352 727 420 789 sive
443 726 547 788 coloni
567 727 636 790 sive
657 727 793 791 Gentiles
808 728 932 808 proprie
955 727 1089 806 dicendi,
1112 731 1268 809 quotquot

166 844 237 922 pest
261 837 513 900 Germanicorum
535 838 717 918 populorum
738 838 916 901 invasiones
939 845 1011 902 ante
1033 837 1169 919 quintum
1191 854 1269 900 sae-

166 948 266 1012 culum
289 953 446 1028 peractum
469 947 687 1027 superfuerint,
712 946 932 1011 Germanorum
953 955 1004 1010 aut
1018 947 1101 1011 servi
1118 951 1170 1009 aut
1183 952 1267 1010 certe

164 1058 278 1124 subditi
300 1057 368 1119 sine
391 1056 475 1120 omni
504 1055 697 1135 αὐτονομίας
729 1057 796 1119 iure
825 1057 899 1122 iacti
931 1062 1023 1135 sunt,
1053 1063 1086 1120 et
1107 1057 1267 1121 emerituri

165 1169 291 1233 omnino
313 1184 436 1233 suarum
458 1167 596 1248 gentium
618 1169 774 1248 proprium
797 1167 953 1250 ingenium
970 1167 1087 1231 sensim
1105 1172 1264 1232 exuerant.

164 1279 274 1361 Longe
293 1275 376 1339 aliud
402 1276 441 1340 de
462 1276 551 1339 Laetis
580 1282 611 1339 et
633 1275 671 1339 de
694 1276 885 1341 Germanicis
912 1277 1056 1340 militibus
1077 1277 1203 1341 rusticis
1225 1276 1266 1339 li-

164 1387 371 1468 mitoneisque
392 1386 556 1450 dicendum
578 1405 650 1450 esse
672 1387 747 1450 mibi
769 1387 891 1451 videtur
905 1390 943 1466 ³³,
965 1387 1035 1468 qui,
1056 1393 1088 1450 ut
1109 1385 1268 1469 populari-

167 1499 226 1562 bus
247 1498 311 1562 suis
340 1497 422 1561 baud
445 1497 589 1581 exiguam
612 1496 778 1560 adliciendi
800 1497 861 1561 vim
884 1497 1064 1576 habuerint,
1088 1497 1129 1561 ita
1152 1514 1267 1561 recen-

163 1608 204 1671 tis
224 1627 261 1671 ac
283 1614 453 1672 renovatae
475 1608 556 1670 uitae
580 1608 720 1688 pretium,
746 1608 869 1670 dubiuln
893 1607 978 1686 illud,
1000 1606 1178 1670 rudioribus
1200 1608 1268 1671 lra-

165 1717 261 1782 tribus
283 1717 508 1799 persolverunt,
531 1724 564 1781 ut
585 1717 778 1800 expolitionis
793 1718 993 1799 cultiorisque
1008 1719 1091 1781 vitae
1113 1723 1194 1782 artes
1211 1734 1266 1783 eos

163 1829 324 1896 docerent.
357 1846 426 1891 narn
450 1835 481 1892 et
508 1828 584 1891 alias
607 1827 731 1908 quidem
756 1846 882 1891 caussas
906 1827 963 1892 sed
989 1833 1020 1888 et
1041 1827 1123 1890 banc
1145 1844 1266 1909 quoque

164 1937 327 2018 effecisse,
356 1945 390 1999 ut
420 1939 509 2000 brevi
535 1945 673 2018 tempore
697 1938 918 2000 Germanorum
942 1936 1067 2018 populi,
1094 1942 1265 2018 postquam

163 2048 290 2112 multum
311 2047 355 2110 illl
378 2054 409 2112 et
429 2049 520 2111 terris
547 2047 651 2111 iactati
672 2053 703 2109 et
725 2048 786 2111 alto
816 2047 847 2109 vi
872 2064 1017 2128 superum
1037 2046 1131 2111 sedes
1152 2046 1211 2109 sibi
1234 2046 1265 2108 in

163 2156 232 2222 solo
254 2163 344 2221 antea
366 2159 575 2222 Romanorum
597 2156 726 2238 imperio
749 2156 888 2235 subacto,
911 2161 1182 2239 recuperaverant,
1207 2174 1268 2218 ns·-

162 2273 230 2330 tura
254 2269 341 2348 quasi
365 2267 532 2349 linguaque
555 2268 619 2330 suis
637 2266 785 2347 depositis
800 2267 985 2330 Romanicas
1008 2267 1179 2344 induerent,
1204 2265 1265 2329 iam

160 2378 236 2443 natis
260 2376 417 2441 indicasse
447 2395 549 2458 spero.
604 2377 720 2440 caesar
744 2394 811 2438 cum
842 2376 1014 2459 ablegatis
1038 2377 1202 2442 liemarum
1223 2374 1265 2439 de

161 2485 267 2571 Belgis
290 2491 465 2567 quaereret,
488 2485 553 2564 ,sic
574 2486 766 2566 reperiebat:
796 2487 961 2567 plerosque
983 2486 1096 2570 Belgas
1117 2503 1188 2549 esse
1211 2501 1266 2548 or-

161 2604 212 2661 tos
234 2597 272 2660 ab
304 2596 465 2661 Germanis
487 2596 686 2677 Rhenumque
719 2597 884 2679 antiquitus
917 2596 1113 2660 transductus
1141 2602 1267 2677 propter

161 2705 225 2771 loci
247 2705 434 2770 fertilitatem
456 2706 499 2768 ibi
521 2706 703 2793 consedisse
724 2706 901 2787 Gallosque,
923 2707 973 2787 qui
996 2725 1034 2769 ea
1055 2705 1124 2768 loca
1144 2705 1267 2773 incole„

160 2823 240 2895 rent,
266 2817 433 2898 expulisse,
457 2816 604 2897 solosque
625 2816 787 2897 assequi,
810 2823 929 2898 patrum
951 2822 1126 2880 nostrorum
1147 2834 1267 2880 memo-

161 2925 220 3005 ria,
243 2927 325 2991 omni
350 2918 448 2991 Gellia
469 2932 581 2990 vexata
603 2926 758 2990 Teutonos
775 2927 977 3008 Cimbrosque
999 2927 1079 2990 intra
1100 2926 1177 2989 fines
1191 2943 1266 2990 suos

162 3037 286 3121 ingredi
305 3038 546 3119 prohibuerint&
572 3038 622 3116 (B.
634 3039 668 3101 G.
682 3040 718 3103 ll.
732 3040 780 3118 t.)
831 3040 873 3103 lta
899 3040 1022 3103 tandem
1051 3040 1168 3122 postll
1193 3059 1267 3105 sae-
1350 3092 1353 3097 .

162 3148 232 3212 cula
250 3147 289 3211 ab
312 3146 472 3211 Germanis
495 3149 555 3210 orti
577 3149 784 3212 Teutonorum
806 3126 1061 3231 Cimbrorumque
1081 3150 1267 3232 posteriori·

161 3258 219 3322 bus
241 3260 321 3325 viam
341 3263 608 3337 monstraverunt,
634 3278 693 3341 qua
716 3260 853 3323 llbenum
884 3261 1055 3325 transducti
1084 3262 1175 3326 etiam
1198 3262 1267 3327 fre·

162 3372 225 3431 tum
248 3368 430 3432 Herculeum
453 3367 629 3431 traicerent.

247 3477 418 3559 Postquam
438 3483 472 3540 ut
492 3478 656 3558 potuimus,
680 3477 732 3559 qui
752 3478 827 3541 baeti
848 3479 961 3560 quique
972 3479 1108 3544 Gentiles
1122 3479 1263 3561 luissent,

161 3587 377 3666 exposuimus,
402 3587 434 3648 in
456 3588 566 3667 quibus
597 3586 676 3650 locis
699 3587 867 3651 secundum
889 3587 970 3651 banc
992 3589 1137 3654 Notitiam
1159 3591 1265 3656 sedis.

163 3701 243 3774 sent,
267 3695 433 3759 videndum
456 3703 511 3760 est.

160 3810 201 3819 —
238 3812 459 3821 --.-...--—--

264 3883 300 3947 ³³)
328 3880 404 3943 Quod
432 3880 607 3935 Rambecbius
635 3882 759 3952 suaede
786 3883 863 3934 Laetis
889 3884 1061 3951 disputationi
1088 3883 1157 3939 hunc
1184 3888 1262 3942 linem

163 3977 291 4044 imposuit
308 3976 453 4043 „Extincto
478 3981 590 4047 imperio
608 3994 667 4032 ccc.
688 3994 809 4032 cessasse
827 3979 938 4044 Laetos,
956 3987 1092 4051 totumque
1112 3983 1163 4037 boc
1183 3987 1262 4037 insti.

161 4079 258 4138 tutum,
279 4073 394 4142 quilibet
413 4091 456 4128 mc
475 4091 581 4144 quoqne
601 4090 653 4127 non
674 4083 799 4128 monente
818 4077 1039 4143 animaduertet‘,
1058 4082 1085 4131 in
1105 4096 1164 4133 cnm
1187 4097 1263 4135 erro.

162 4189 218 4226 rem
244 4173 352 4237 incidit,
379 4176 441 4242 qaia
465 4183 549 4226 totum
576 4174 706 4226 bustorum
727 4176 916 4239 „institutumtt
941 4177 1098 4231 allomanis
1125 4179 1262 4233 inventum

160 4269 245 4322 inisse
264 4272 388 4337 opinatus
406 4279 455 4323 cst.
494 4272 585 4340 lleqns
604 4272 707 4323 radices
724 4288 811 4340 neque
828 4275 992 4327 summitates
1013 4277 1135 4328 exoticas
1153 4277 1261 4344 plantae

161 4374 332 4437 cognoverat.

110 4491 1336 4626 Q!
