2918 4914
213 422 282 474 οιι.
298 426 349 478 ιο.
367 424 408 472 ιο
433 424 502 472 rae.
518 400 617 474 aad.
628 413 673 489 lta
687 407 747 476 23.
761 425 846 499 sqq.
862 423 1112 475 causarumve.
1143 401 1257 476 1089*

149 624 247 706 hugis
278 624 329 704 qui
359 624 430 687 elim
464 624 503 687 ab
527 624 668 703 Herulis,
694 626 735 688 dc
762 626 870 706 quibus
895 627 1163 708 supradiximus,
1191 629 1257 691 suls

149 734 276 797 sedibus
298 735 415 815 expulsi
444 735 474 796 in
500 735 689 798 Danubianis
712 736 893 817 regionibus
916 755 934 799 a
959 736 1137 810 Quadorum
1160 744 1257 822 gente

148 844 265 909 relictis
289 846 508 923 consederant,
532 865 599 908 curn
618 846 843 909 Theodericum
858 847 1129 928 Ostrogottberum
1147 866 1256 930 regem

150 957 180 1017 in
202 956 320 1020 ltaliam
350 963 570 1038 sequerentur,
596 957 782 1038 Procopius,
805 957 875 1021 illes
904 953 996 1032 ἔθνος
1017 961 1077 1038 μὲν
1099 960 1128 1021 Γ
1127 956 1256 1023 eeucado

151 1065 308 1147 appellans
322 1066 447 1144 rettulit,
471 1068 586 1130 vitasse
609 1084 664 1130 eos
689 1085 756 1129 cum
778 1067 962 1150 alienigenis
984 1069 1164 1133 mulieribus
1186 1088 1256 1134 ma-

150 1177 341 1254 trimonia²⁶,
365 1177 398 1239 id
429 1177 468 1239 de
498 1177 639 1240 omnibus
664 1178 841 1241 Sarmaticis
864 1179 982 1259 populis
1007 1179 1170 1243 dicendum
1191 1186 1256 1258 esl3

147 1285 354 1366 provinciales
376 1292 488 1364 autem,
505 1288 523 1347 i.
535 1304 562 1348 c.
578 1286 702 1351 civitate
719 1288 804 1350 Rom.
822 1287 958 1351 fruentes
979 1289 1093 1351 subditi
1111 1289 1254 1370 Romani,

147 1414 184 1461 ee
207 1398 307 1481 magis
330 1397 482 1460 connubia
506 1416 574 1460 cum
596 1397 744 1460 Sarmatis
759 1398 930 1461 Gentilibus
947 1400 1066 1463 evitare
1088 1399 1252 1481 debebant,

146 1506 228 1587 quad
243 1507 273 1569 hi
295 1525 335 1570 ne
350 1508 433 1570 demi
452 1507 575 1588 quidem
589 1506 678 1570 liberi
695 1507 751 1569 sed
767 1508 850 1570 servi
867 1508 1008 1588 inissent,
1022 1528 1101 1591 quae
1119 1509 1254 1574 abiectio

146 1635 321 1698 nonaeque
338 1619 483 1681 inbaelos
505 1618 644 1681 cadebat.
672 1618 704 1680 id
728 1619 850 1698 quidem
873 1637 913 1681 cx
937 1620 1051 1683 veteris
1076 1620 1251 1683 iurisdiem.

148 1729 321 1810 praeceptis
333 1733 360 1770 ²²
382 1730 475 1792 etiam
500 1735 561 1791 tum
585 1729 712 1791 retentis
740 1747 796 1808 per
818 1747 853 1791 se
875 1728 1085 1809 alliciebatur,
1109 1748 1148 1794 ne
1172 1748 1253 1793 cen-

147 1838 271 1901 nubium
300 1839 381 1902 inter
411 1839 561 1902 barbaras
590 1845 700 1920 gentes
734 1840 802 1900 sive
835 1839 950 1903 liberas
977 1839 1044 1902 sive
1077 1840 1253 1904 foederatas

148 1955 243 2029 atque
264 1948 380 2010 liberos
396 1948 605 2028 provinciales
620 1954 691 2028 pest
709 1948 858 2011 Antonini
874 1948 1157 2012 decantatissimum
1173 1967 1254 2012 een-

144 2059 332 2122 stitutiunem
356 2059 482 2120 civitate
498 2059 634 2122 Romana
656 2058 789 2121 donatos
806 2059 971 2121 interesset
978 2078 987 2132 ;
1011 2059 1067 2121 sed
1086 2060 1153 2121 eius
1167 2058 1253 2123 medi

146 2169 267 2250 nuptias
292 2168 391 2231 seium
406 2167 499 2230 modo
522 2185 585 2228 nen
607 2168 714 2244 iustas,
741 2167 865 2229 minima
887 2183 963 2229 vero
987 2185 1042 2248 per
1064 2186 1100 2230 se
1117 2168 1252 2234 inlicitas

148 2279 298 2342 dicendas
321 2284 482 2357 morteque
503 2277 675 2340 multandas
700 2277 798 2339 luisse
818 2277 917 2357 palam
938 2285 1000 2357 est,
1024 2279 1084 2340 nisi
1106 2278 1159 2340 ubi
1180 2278 1252 2342 sin-

144 2388 261 2470 gularis
283 2388 456 2452 necessitas
481 2387 683 2450 eiuscemodi
714 2388 874 2451 saevitiam
905 2386 1006 2468 legum
1038 2387 1168 2450 latorum
1192 2407 1251 2452 ex-

142 2504 295 2580 posceret.
319 2518 387 2563 eam
410 2505 511 2563 autem
533 2497 750 2561 necessitatem
773 2498 805 2559 in
828 2498 1053 2561 consuetudine
1076 2516 1165 2578 quarn
1189 2499 1250 2562 im-

142 2609 231 2692 perio
247 2612 334 2674 Rom.
347 2610 491 2673 infestam
511 2629 547 2672 ac
571 2608 776 2689 periculosam
797 2608 1007 2689 provinciales
1030 2609 1169 2672 ‹iextram
1183 2609 1250 2671 Da.

143 2721 228 2784 nubii
250 2722 345 2803 ripam
370 2720 588 2798 inhabitamus,
613 2721 723 2801 quibus
746 2721 818 2785 inde
842 2741 860 2783 a
884 2721 1145 2784 Constantinianis
1167 2729 1250 2785 lem-

144 2830 270 2913 puribus
302 2847 434 2914 magnae
465 2831 672 2894 Sarmatarum
702 2832 811 2912 copiae
838 2831 989 2895 admistae
1013 2832 1155 2912 suerunt,
1180 2851 1250 2896 cum

143 2941 263 3004 Golthis
287 2940 528 3022 Sarmaticisque
555 2941 699 3025 gentibus
723 2942 753 3003 in
776 2939 901 3005 sinislra
921 2942 1005 3004 duvii
1032 2942 1098 3023 ripa
1119 2943 1250 3023 provin-

145 3051 210 3114 cias
232 3053 387 3116 Romanas
414 3053 506 3114 etiam
538 3057 607 3130 post
632 3070 737 3131 pacem
762 3070 790 3113 a.
808 3051 917 3114 duta
943 3051 1071 3114 Valente
1093 3053 1248 3133 impsum

142 3161 333 3227 Athanaricu
358 3161 538 3225 Gelthnrum
559 3161 662 3224 iudice
685 3162 716 3222 in
740 3161 843 3225 medie
864 3160 1006 3224 Danubio
1030 3162 1135 3225 initam
1158 3179 1249 3225 com-

139 3273 324 3337 minantibus
341 3272 497 3349 babuisse,
510 3291 548 3334 ex
559 3271 632 3335 belli
646 3271 782 3335 Gotthici
799 3271 1002 3353 scriptoribus
1020 3271 1143 3334 abunde
1158 3289 1249 3335 com-

143 3385 288 3463 perimus,
310 3383 384 3444 mihi
411 3380 656 3463 deprehendisse
679 3381 798 3444 videor.
821 3380 904 3443 unde
927 3379 1018 3443 simui
1043 3398 1167 3460 annum,
1184 3397 1247 3461 quo

385 3522 439 3532 t--v-

139 3621 266 3671 arerem,
285 3623 343 3660 cum
368 3609 441 3660 vitae
460 3623 526 3660 suae
544 3607 640 3660 damno
660 3613 826 3674 componat&
851 3607 997 3659 Videtiam
1017 3608 1129 3674 Gauppii
1149 3607 1247 3661 librum
1343 3666 1345 3670 ,

138 3705 190 3758 Dte
205 3720 323 3774 ςοιιιιοιι.
334 3705 453 3758 Aoriedl.
468 3706 549 3770 §.db

210 3803 247 3869 ²⁶)
255 3802 364 3870 Procop.
372 3802 402 3855 B.
410 3801 500 3857 Getth.
510 3802 556 3855 iil.
564 3802 589 3855 2.
599 3804 643 3868 ,ct
652 3799 780 3873 dl‘r’oyot
788 3791 866 3856 οὗτοι
874 3804 958 3862 ἔθνος
965 3805 1021 3874 μέν
1033 3804 1246 3871 εισιΓοιοινιόν,

138 3897 296 3972 ουίὀνομοί
317 3914 344 3952 τε
370 3891 401 3953 τὸ
420 3892 545 3956 παλαιὸν
565 3901 657 3970 (fitur.
696 3897 866 3971 Θευδερίχου
889 3898 921 3952 δὲ
942 3896 1048 3960 αὐτοὺς
1066 3896 1097 3954 ab
1114 3904 1173 3953 κατ’
1192 3902 1245 3973 dp-

135 3988 190 4066 χᾶι
207 4002 505 4070 προςειοιρισομένον
527 3992 576 4059 ξὺν
596 3996 691 4054 ἄλλοις
711 4002 788 4052 τισὶν
807 3998 923 4053 ἔθνεσιν
945 3998 973 4057 ἔς
983 4015 1011 4050 τε
1029 3995 1061 4051 τὸ
1076 4000 1160 4069 γένος
1173 3996 1244 4053 claa-

138 4095 270 4166 ιιένιρινιο
291 4097 339 4147 καὶ
359 4089 410 4154 ξὺν
431 4093 527 4154 adroic
548 4097 576 4152 ἐς
595 4086 661 4154 τοὺς
683 4097 839 4166 πολεμίους
859 4091 973 4149 ἅπαντα
995 4096 1154 4167 ἔπρασσον.
1191 4115 1243 4166 pu·

136 4192 217 4252 ναιξὶ
235 4194 338 4262 μέντοι
357 4190 396 4251 ὥς
414 4187 518 4257 iacere
532 4193 755 4264 ἐπιμιγνύμενοι
774 4190 1242 4263 ἀλλοτρίοιςἀνροιᾳνέσινιαίδων

138 4285 289 4357 διαδοχαῖς
308 4281 408 4342 τὸτοῦ
430 4291 534 4345 ἔθνους
551 4287 645 4361 ὄνομα
664 4290 695 4343 ἐν
715 4293 820 4359 σφίσιν
843 4289 939 4349 adroic
956 4288 1160 4345 circumcurre«.

136 4388 177 4455 υ)
195 4383 391 4456 datiuum,
409 4384 550 4454 ulpvm,
568 4384 912 4449 Senecdetenerdveb,
925 4388 947 4438 t.

1293 4496 1313 4560 1

91 4566 1319 4663 my*
