2918 4914
440 381 950 464 mmmmwm
1145 345 1299 457 ms

1029 538 1232 549 ——-—-·-

138 601 293 685 quondam
315 600 437 665 alumno
459 618 515 665 suo
543 601 716 680 [carausio]
738 620 754 663 a
777 601 910 665 diversis
929 602 1115 666 Francorum
1133 604 1237 687 genti·

138 713 196 777 bus
221 718 421 794 occupatam,
444 712 525 775 omni
550 711 638 774 hoste
663 711 822 793 purgavit,
851 729 909 774 nec
936 718 1095 776 contentus
1121 713 1236 791 vicisse

138 825 222 906 ipsas
246 824 277 885 in
292 823 446 907 Romanas
460 821 612 886 transtulit
633 822 785 899 nationes,
807 828 840 884 ut
861 840 923 884 non
942 821 1040 885 solum
1061 841 1156 903 arma,
1179 824 1235 887 sed

141 932 292 997 feritatem
303 949 420 1013 ponere
433 938 626 1014 cogerentur.
649 949 720 993 nam
733 931 804 1012 quid
815 948 875 1014 ego
884 931 922 995 de
930 932 1109 1013 receptione
1116 931 1238 996 Britan-

139 1044 212 1108 niae
227 1043 364 1124 loquart‘.
400 1044 474 1106 Aur.
482 1042 560 1105 Vict.
571 1042 676 1105 Caess.
691 1041 723 1104 in
735 1039 864 1105 Dioclot.
875 1050 920 1121 (c.
930 1028 998 1123 39.)
1012 1042 1189 1124 „Herculius
1206 1042 1237 1104 in

142 1152 270 1218 Galliam
286 1151 443 1233 proiectus
459 1152 535 1216 susis
550 1152 688 1215 hostibus
703 1158 755 1215 aut
768 1152 902 1233 acceptis
916 1151 1017 1233 quieta
1029 1153 1131 1215 omnia
1152 1151 1238 1215 brevi

140 1267 326 1346 patraverat.
371 1261 438 1336 Quo
460 1260 541 1325 bello
553 1261 728 1339 Garausius,
751 1261 911 1342 Menapiae
924 1261 1011 1340 civis,
1032 1260 1239 1341 iactisprom-

140 1372 291 1455 ptioribus
314 1370 431 1449 enitnit,
454 1388 553 1452 eoque
576 1389 645 1434 eum
667 1369 767 1449 simul,
791 1371 862 1451 quia
875 1370 1078 1453 gubernandi,
1104 1387 1164 1452 quo
1186 1371 1239 1435 oi-

141 1481 223 1551 iioio,
234 1479 475 1543 adolescentiam
503 1480 648 1542 mercede
679 1484 879 1559 exercuerat,
913 1497 1040 1564 gnarus¹
1059 1479 1238 1560 habebatur,

142 1591 299 1673 parandae
323 1588 414 1653 classi
436 1607 474 1653 ac
498 1588 713 1669 propulsandis
729 1588 889 1652 Germanis
909 1589 1005 1652 maria
1025 1588 1239 1652 infestantibus

140 1700 334 1783 praefecere.
377 1698 444 1762 lloc
467 1697 576 1762 elatior
599 1715 667 1760 cum
689 1716 797 1779 parum
819 1696 930 1761 multos
958 1697 1160 1779 opprimeret,
1181 1717 1240 1763 ne-
1301 1691 1303 1780 ]

142 1826 202 1892 que
224 1808 361 1891 praedae
385 1807 487 1871 omnia
515 1809 548 1870 in
574 1807 725 1871 aerarium
749 1808 897 1885 referret,
928 1806 1063 1871 llerculii
1092 1813 1191 1887 metu,
1221 1827 1239 1872 a

143 1935 205 2000 quo
228 1936 263 1982 se
292 1916 383 1980 caedi
405 1918 520 1979 iussum
542 1922 751 1997 compererat,
772 1915 961 1979 britanniam
981 1915 1092 1980 hausto
1110 1916 1239 1997 imperio
1302 1965 1304 1997 ᾖ

143 2027 338 2111 capessivit‘.
364 2033 395 2089 et
417 2026 519 2108 paullo
541 2031 627 2108 post:
651 2026 788 2107 ,solique
804 2026 952 2089 Caransio
975 2026 1137 2090 remissum
1153 2027 1242 2088 insu·
1302 2005 1304 2013 .

143 2137 196 2202 lac
217 2136 386 2219 imperium,
409 2141 568 2218 postquam
593 2134 686 2198 iussis
707 2154 743 2198 ao
766 2135 952 2197 munimento
972 2134 1142 2198 incolarum
1165 2150 1242 2198 con-
1304 2120 1305 2136 ¹

149 2253 198 2309 tra
218 2252 322 2331 gentes
340 2246 504 2310 bellicosas
530 2245 731 2327 opportunior
750 2244 881 2307 babitus.
916 2262 1005 2326 quem
1030 2262 1105 2308 sano
1127 2262 1242 2309 sexen-
1304 2242 1305 2250 ’

151 2355 205 2420 nio
234 2362 302 2438 post
327 2355 466 2419 Allectus
489 2354 613 2417 nomine
642 2351 715 2415 dolo
749 2353 963 2431 circumvenit,
995 2355 1045 2435 qui
1076 2372 1143 2417 cum
1175 2355 1241 2418 eius

148 2465 298 2548 permissu
322 2482 458 2529 summae
483 2465 529 2528 rei
549 2469 727 2546 praeesset,
750 2463 935 2544 tlagitiomm
958 2468 989 2526 ct
1014 2462 1053 2525 ob
1077 2483 1114 2528 ea
1136 2464 1242 2528 mortis

147 2575 313 2640 tormidine
342 2593 399 2657 per
430 2574 531 2638 scelus
559 2574 720 2655 imperium
742 2578 922 2637 extorserat.
955 2554 1015 2654 quo
1041 2590 1128 2638 usum
1156 2575 1243 2638 breui

148 2685 344 2750 &namatius
367 2684 588 2766 Asclepiodoto
619 2683 669 2766 qui
703 2683 905 2763 praetorianis
934 2684 1108 2765 praefectus
1130 2702 1244 2765 praee·
1304 2712 1307 2781 ρ

120 2778 123 2782 ’
146 2801 205 2876 rat,
226 2814 294 2859 oum
314 2800 402 2877 parto
424 2795 533 2858 classis
554 2813 590 2858 ao
612 2794 769 2876 legionum
790 2793 960 2875 praemisso
985 2793 1126 2857 delenire
1160 2796 1244 2858 ldcm
1305 2789 1306 2828 ³

147 2908 180 2970 ra
195 2905 380 2987 Epiacsss.
402 2906 487 2986 ,noo
518 2910 656 2985 tenpore
679 2903 848 2967 clamoso
878 2904 909 2965 n
939 2902 1062 2982 com,
1085 2904 1244 2969 neutuna
1305 2880 1306 2889 '

148 3017 228 3099 apud
249 3018 432 3100 Aegyptum,
447 3014 588 3079 'lulianus
611 3015 642 3076 in
667 3013 751 3077 ltalia
771 3015 971 3095 imperatores
996 3012 1098 3077 ellecti
1120 3015 1244 3079 diverso
1306 3063 1309 3081 .

148 3128 232 3190 exitu
244 3126 397 3208 periere“.
410 3162 448 3175 -
472 3125 583 3189 Zosim.
598 3125 647 3188 lll.
661 3125 690 3187 6.
706 3125 744 3187 ad
757 3143 786 3186 a.
796 3123 868 3187 358.
882 3117 1026 3202 ,admon
1040 3123 1075 3186 δὲ
1090 3121 1133 3196 ὠς
1146 3125 1246 3187 εἰπεῖν
1306 3139 1307 3144 ’
1331 3122 1334 3131 ’
1368 3103 1373 3115 ’

147 3238 213 3300 τῶν
230 3232 347 3298 ouantia
366 3231 540 3316 βαρβάρων
563 3225 761 3314 α’ττογτὸκτων
781 3229 886 3295 ttnrlb
908 3233 1004 3317 παίσῃ,
1025 3234 1081 3295 κατ’
1101 3225 1175 3296 ὅσον
1190 3233 1246 3294 ου’-

149 3341 321 3417 tencrone
342 3339 390 3406 ἔτι
411 3344 706 3426 περιλελειμμένους
721 3343 912 3406 α’τιολεῖσθαι
934 3344 1138 3429 πανωλεθρίᾳ
1151 3363 1246 3424 προς·
1307 3412 1308 3424 ¹

150 3450 367 3535 δοκησάκτωκ,
390 3450 524 3531 Menoec
544 3450 574 3515 oi
596 3447 721 3515 adarca
744 3449 782 3534 riq*
806 3447 1041 3534 καρτερώτατοι
1061 3455 1124 3514 ταῖν
1146 3454 1246 3517 ἐκεῖσε
1307 3457 1309 3465 ’

151 3562 325 3642 τακομέναν
345 3559 518 3645 βαρβάρων
543 3559 638 3648 θυμῷ
660 3564 715 3623 κατ’
735 3558 827 3649 ῥώμῃ
850 3557 905 3622 κατ’
926 3563 1075 3648 καρτερίᾳ
1105 3563 1145 3644 τῇ
1173 3559 1249 3645 περὶ
1308 3601 1310 3606 -

150 3668 208 3746 ταὶς
228 3666 337 3759 μάχας
350 3661 432 3734 εἶναι
450 3667 629 3753 κομίζοντες
642 3670 672 3754 ⁶,
694 3667 863 3742 Κουάδους
884 3667 950 3747 [alii
963 3662 1245 3754 volunliioo'pgouc,
1308 3747 1309 3751 ρ

147 3856 422 3872 m

220 3949 249 4023 *)
266 3950 364 4004 lulian.
375 3952 439 4020 imp.
450 3957 516 4004 orat.
531 3949 551 4002 l.
564 3967 589 4019 p.
603 3951 646 4004 st.
659 3949 690 4003 b.
708 3950 749 4003 od.
759 3949 857 4017 Spanlr.
876 3949 1026 4023 „sspriyaoa
1048 3955 1097 4007 aot
1120 3943 1246 4017 Σᾰξοκὲς

147 4047 208 4104 τόν
225 4049 298 4118 ὑπὲρ
316 4040 368 4104 τὸν
385 4046 484 4115 Ῥῆνον
500 4052 549 4104 καὶ
564 4044 614 4117 τὴν
631 4050 769 4120 ἱσκερίακ
786 4048 931 4103 θάλατταν
949 4050 1047 4106 ἐθνῶν
1060 4046 1093 4104 ra?
1109 4051 1245 4124 μαχιμῶ.

147 4153 244 4201 τατα“.
258 4146 292 4199 ci.
301 4144 364 4199 ibid.
376 4144 454 4213 pso,
464 4144 494 4197 b.
531 4144 617 4198 Etiam
634 4145 704 4213 apud
723 4145 895 4198 Claudianum
914 4146 960 4198 ubi
980 4144 1013 4198 de
1032 4145 1176 4198 l’rimicerii
1189 4145 1244 4198 no.

147 4246 275 4297 lariorum
291 4258 401 4297 munera
421 4242 538 4313 loquitur
555 4243 604 4315 (ct.
614 4251 703 4296 annot.
714 4244 746 4296 ad
756 4242 816 4297 ltot.
826 4242 870 4296 Or.
878 4260 904 4312 p.
912 4242 973 4298 268.
984 4249 1041 4295 not.
1050 4248 1091 4313 a.)
1102 4258 1186 4310 ,qnae
1195 4243 1245 4296 Sa·

148 4357 219 4395 xona
245 4341 349 4395 fraenat
363 4345 369 4415 Ι
385 4342 433 4396 llol
459 4341 564 4396 Scotum
591 4341 678 4411 legio“
700 4343 843 4411 pmccipuo
867 4348 1034 4394 memoratur.
1083 4339 1198 4395 Salvium
1211 4338 1245 4393 tle
1307 4347 1310 4350 ⁴
1354 4402 1360 4415 .
