2918 4914
257 625 392 708 cogitari
413 628 523 704 potest,
549 640 604 687 eos
626 622 705 685 alios
719 622 818 685 Laetos
841 623 901 686 sibi
922 622 1062 685 subditos
1075 622 1192 687 habere
1211 625 1361 705 potuisse,

258 733 308 796 vel
332 752 404 798 sese
426 754 444 798 a
469 734 601 797 dominis
626 733 780 798 redimere
810 735 965 814 potuisse,
989 735 1071 816 quod
1099 734 1139 797 de
1160 735 1222 797 litis
1245 752 1364 797 secun·

257 841 328 906 dum
351 843 384 906 L.
399 844 475 907 Fris.
490 842 539 906 lll.
557 848 582 906 1.
596 845 626 906 9.
640 843 755 907 nullutn
775 843 898 906 dubium
922 844 1034 907 babet:
1059 843 1206 925 imperiali
1228 851 1365 907 annota-

254 952 343 1017 tione
366 953 485 1017 laetieae
505 959 608 1016 terrae
631 953 892 1017 administrandae
914 952 1065 1016 dabantur
1089 959 1119 1016 et
1141 954 1241 1016 omnis
1263 954 1364 1016 tetus

255 1063 446 1146 originarius
476 1064 566 1127 miles
589 1069 666 1127 erat.
702 1063 758 1126 sed
781 1063 942 1142 ,servulos
971 1063 1141 1126 familiasre
1167 1064 1206 1127 ad
1234 1070 1363 1146 agrum“

255 1172 368 1237 ductos
391 1175 541 1237 immunes
563 1172 726 1254 possidere
749 1174 787 1234 iis
817 1174 932 1253 pariter
953 1192 990 1236 ac
1019 1174 1173 1237 veteranis
1196 1174 1247 1248 (L.
1259 1173 1291 1236 8.
1306 1174 1326 1234 i.
1341 1173 1361 1235 i.

256 1281 310 1345 'l'ln
322 1284 356 1346 C.
367 1283 407 1347 de
423 1284 579 1347 veteranis
589 1282 652 1345 Vll.
665 1283 732 1359 20.)
744 1282 870 1346 licuisse
883 1289 964 1364 puto.
988 1284 1114 1347 Militiae
1128 1283 1255 1346 eosdem
1270 1284 1364 1366 origo

256 1392 523 1474 assignabat[vid.
538 1391 723 1470 num.Vlll.],
747 1393 803 1456 sed
827 1394 906 1456 inter
928 1393 1081 1476 legiones,
1105 1412 1145 1456 ne
1167 1393 1206 1456 de
1223 1394 1363 1474 equestri

254 1501 362 1564 militia
386 1501 506 1579 dicam,
533 1503 631 1583 recipi
660 1503 880 1581 consuevisse,
912 1503 993 1584 quod
1017 1501 1222 1566 Gotboiredus
1247 1502 1364 1584 aliique

253 1610 370 1691 opinati
385 1618 455 1674 sunt
470 1614 508 1691 ³¹,
532 1611 708 1696 negandum
725 1631 796 1676 esse
816 1632 855 1675 ex
877 1611 936 1676 bac
959 1614 1024 1692 ipsa
1039 1613 1150 1675 Notitia
1173 1610 1362 1695 colligimus,

253 1737 332 1802 quae
359 1721 577 1802 comprobatur
598 1721 855 1785 L.1t.lh.c.de
879 1722 1034 1785 veteranis
1058 1722 1175 1798 [n.X.].
1198 1727 1362 1802 praeterea

253 1829 423 1894 lornandes
447 1849 509 1894 non
533 1832 733 1916 excogitavit,
756 1831 812 1894 sed
836 1850 875 1895 ex
897 1831 1072 1912 purioribus
1094 1831 1228 1894 lontibus
1248 1831 1364 1909 hausit,

251 1938 390 2003 Litianos
411 1940 618 2004 s.Litioianos
641 1940 781 2021 aliosque
804 1958 880 2021 quos
904 1942 1038 2004 nominat
1061 1941 1221 2018 barbaros,
1241 1958 1364 2021 ,quon-

253 2047 323 2112 dam
347 2049 459 2112 milites
484 2051 660 2130 llomanos,
684 2055 755 2112 tunc
778 2051 808 2112 in
832 2067 959 2113 numero
983 2049 1223 2112 Auxiliariorum
1247 2051 1363 2132 exqui-

254 2158 331 2221 sitos
358 2159 483 2222 suisse“.
528 2159 598 2222 Alia
627 2161 730 2240 itaque
761 2160 924 2240 potiorque
949 2157 1190 2222 Buoellarioruor
1213 2159 1362 2221 condicio

253 2274 388 2332 exeunte
410 2268 459 2332 lV.
475 2269 601 2332 saeculo
624 2269 696 2349 luit,
724 2269 834 2350 quippe
856 2285 934 2349 quos
959 2269 1040 2331 inter
1061 2268 1275 2332 vexillatioues
1302 2287 1361 2330 eo-

175 2406 178 2425 =
252 2378 433 2442 mitatenses
455 2378 645 2459 repperimus
672 2377 742 2441 Not.
757 2379 809 2443 Or.
827 2396 857 2459 p.
869 2378 918 2441 96.
932 2379 958 2454 t.
969 2377 1034 2457 ult,
1065 2384 1096 2438 ut
1120 2377 1157 2441 ad
1182 2397 1209 2441 a.
1222 2375 1296 2441 397.
1311 2396 1359 2459 ap.

254 2480 414 2547 Zosimv.
429 2484 474 2548 13.
492 2484 694 2569 Tribigildum
717 2486 755 2550 ab
769 2486 955 2567 imperatore
977 2485 1196 2548 nonltonranis
1210 2483 1267 2547 sed
1284 2484 1361 2547 bar·

255 2592 341 2657 baris
364 2593 431 2656 Alis
463 2594 494 2655 in
520 2593 653 2678 Phrygia
675 2595 836 2660 collocatis
859 2596 1047 2677 praelectum
1070 2595 1210 2679 legimus.
1261 2593 1362 2658 Probe

253 2701 378 2783 quidem
399 2703 479 2782 scio,
500 2703 677 2768 innumeras
700 2723 738 2769 eo
762 2711 900 2786 ternpore
921 2703 1120 2767 barbarorum
1142 2704 1248 2784 copias
1265 2704 1360 2766 etiam

251 2808 335 2873 inter
359 2811 502 2892 legiones
532 2813 690 2894 ipsamque
721 2821 896 2896 equestrem
921 2813 1058 2876 militiam
1085 2818 1226 2893 receptas
1249 2812 1360 2890 luisse,

254 2919 337 3001 quod
362 2919 410 3003 ¹vel
430 2919 508 2983 baec
525 2920 590 3002 ipsa
604 2922 718 2986 Notitia
739 2922 898 3005 permultis
921 2922 999 2985 locis
1019 2921 1169 3000 ostendit,
1190 2939 1298 2984 verum
1321 2921 1360 2983 de

251 3028 342 3092 Laetis
375 3030 455 3092 inter
477 3030 619 3112 legiones
648 3033 781 3113 receptis
804 3032 916 3096 nullum
942 3030 1147 3094 testimonium
1170 3030 1360 3093 iudiciumne

248 3137 398 3203 idoneum
420 3141 510 3204 novi:
535 3142 639 3223 itaque
660 3161 761 3223 neque
786 3163 825 3206 ex
846 3142 999 3206 Ammiani
1022 3142 1093 3205 loco
1110 3139 1291 3220 [num.lV.],
1306 3139 1359 3202 ubi

247 3255 318 3333 post
331 3249 501 3316 lanciarios
517 3253 748 3334 mattiariosque
770 3254 821 3335 qui
843 3272 882 3317 ex
904 3252 1046 3335 palatinis
1061 3251 1235 3351 legionibus
1257 3257 1358 3331 erant,

250 3396 535 3408 Μω--ι-σ--η

247 3470 331 3524 ditum
351 3473 403 3526 lroe
416 3474 466 3526 sub
477 3474 652 3542 dispositione
664 3473 703 3525 l'i.
713 3473 741 3526 Ρ.
752 3473 894 3526 Galliarum
912 3473 1016 3537 luisset,
1034 3488 1087 3524 non
1103 3470 1234 3523 nullarum
1254 3470 1359 3521 consti.

246 3570 380 3621 tutionem
397 3572 618 3640 inscriptionibus
637 3570 749 3622 indicari
769 3569 832 3623 olim
851 3570 951 3639 putaui,
971 3571 998 3621 in
1013 3585 1045 3621 eo
1064 3569 1174 3638 egregie
1195 3565 1278 3618 falsus
1290 3582 1360 3631 sum,

251 3665 321 3732 quod
342 3666 467 3733 Sybelius
484 3685 511 3737 p.
522 3667 681 3737 sequidem
704 3667 779 3733 vidit,
802 3666 848 3719 sed
867 3683 956 3719 veram
976 3667 1177 3733 inscriptionum
1195 3664 1360 3717 diversitatis

247 3762 388 3829 rationem,
410 3781 443 3816 ex
462 3780 512 3833 quo
525 3764 553 3816 L.
568 3765 607 3817 10.
617 3764 662 3815 Tb.
674 3766 703 3818 C.
715 3765 748 3817 de
764 3772 882 3816 veteram.
893 3771 918 3816 et
931 3760 1189 3834 depopulosa
1201 3759 1358 3813 censitorib.

247 3855 280 3908 ad
303 3858 474 3914 Praefectum
497 3865 640 3929 praetorio,
659 3863 687 3915 t.
701 3865 742 3915 12.
753 3862 800 3913 Th.
812 3862 840 3914 C.
852 3863 884 3915 de
897 3870 1016 3915 veteram.
1028 3860 1061 3913 ad
1074 3860 1226 3931 blagistrum
1245 3857 1359 3910 militiae

247 3952 325 4008 datae
344 3968 420 4023 sunt,
449 3975 501 4012 non
524 3961 621 4026 edidit,
647 3976 714 4041 quae
738 3960 896 4030 simpliciter
916 3961 943 4012 iu
969 3974 1001 4012 eo
1021 3959 1107 4028 posita
1125 3964 1181 4021 est,
1202 3955 1274 4025 quod
1293 3954 1358 4007 illae

250 4049 327 4121 leges
348 4055 382 4108 de
401 4058 479 4109 rebus
502 4058 643 4123 ciuilibus,
662 4061 680 4109 i.
692 4075 717 4110 e.
729 4059 762 4110 de
781 4057 932 4128 privilegiis
951 4074 983 4110 eo
1002 4057 1035 4111 de
1055 4054 1194 4109 fundorum
1214 4051 1357 4121 possiden-

244 4143 336 4200 dorum
357 4151 448 4220 modo,
464 4152 532 4206 baec
544 4161 633 4205 nutem
654 4151 687 4205 da
705 4152 862 4206 militaribus
881 4152 969 4218 rebus,
988 4154 1006 4204 i.
1014 4169 1038 4206 e.
1047 4155 1080 4205 de
1101 4151 1230 4204 militibus
1249 4149 1356 4202 iacien-

243 4240 284 4295 dis
304 4253 488 4320 praecipiunt.
616 4255 650 4325 t¹)
669 4251 778 4306 Praeter
796 4252 963 4305 l'anciroluor
984 4267 1061 4305 nemo
1081 4251 1215 4306 bominum
1234 4250 1355 4318 propriae

240 4337 375 4401 Letoruro
403 4357 428 4401 et
448 4349 506 4402 llltl
520 4354 695 4404 Sarmatarum
712 4348 836 4419 legiones
855 4352 938 4403 novit.

165 4551 345 4621 κει-ς
