2918 4914
109 233 1323 285 (zm-k

403 405 470 454 arr.
484 405 586 455 xxnr.
612 405 653 453 sn
679 404 749 453 rsa.
766 380 842 455 77⁴2
862 392 907 470 11.
922 386 957 456 8.
973 384 1008 456 9.
1027 424 1030 431 ·
1161 383 1253 457 527*
1303 283 1326 350 ι

151 535 271 547 ..ψ-..-

154 626 244 665 smne
267 625 411 697 navarra
432 603 577 677 nrlcmro
586 646 692 666 ......
697 609 724 665 1.
757 604 924 666 Versamur
937 601 969 664 in
987 600 1153 684 Algeriana
1175 620 1254 684 pro-

158 710 258 775 vincia
286 710 399 775 Titteri.
444 712 543 776 Aliter
574 712 649 793 ipse.
663 711 842 777 Marcelline
872 711 952 775 hunc
984 710 1117 775 Notitiae
1138 711 1252 795 Digna.

158 818 257 883 lacum
278 820 428 900 erquicari⁴
449 821 546 885 voluit
566 839 594 903 p.
608 821 680 886 346.
708 819 944 902 ,Varam'taaan
967 822 1003 884 ln
1015 819 1189 904 Peutingeri
1205 826 1255 884 ta·

156 927 234 991 bulis
255 929 357 1011 [V.F]
381 930 522 994 tribuitur
550 930 730 1012 prouinciae
753 930 932 1013 Byzacenae
952 928 1098 993 Bararus
1123 927 1256 991 Munici-
1391 992 1401 1013 .

151 1037 259 1117 pum,
280 1044 311 1103 et
335 1039 415 1106 inter
448 1039 586 1104 eiusdem
619 1044 735 1103 tractus
758 1039 869 1121 oppida
891 1040 1028 1103 occurrit
1053 1038 1132 1120 apud
1153 1037 1258 1101 Ptole-

153 1166 271 1211 maeum
294 1147 447 1231 Corano,
468 1149 521 1212 uhi
543 1148 676 1213 sortasse
692 1149 857 1233 tegendum
880 1154 926 1213 est
948 1147 1092 1211 Bararus
1108 1148 1177 1212 sive
1194 1144 1257 1209 Va-

153 1274 269 1319 rarus:
298 1257 381 1339 quod
402 1258 504 1323 eidem
531 1257 709 1339 provinciae
731 1257 845 1322 Notitia
875 1257 1032 1321 adscribit.
1063 1256 1136 1320 inde
1164 1256 1257 1320 etiam

157 1366 323 1446 appellatus
346 1368 485 1431 videtur.
504 1414 511 1430 .
527 1414 535 1428 .
550 1368 742 1449 Praepositus
763 1366 880 1431 Limitis
902 1365 1105 1430 Balaretani“.

248 1510 285 1520 -
307 1477 336 1553 1.
360 1475 404 1558 9.]
425 1475 601 1540 l‘ancirolus
623 1496 660 1557 ,a
674 1475 853 1540 Columnata
871 1476 1014 1558 oppido“,
1037 1474 1118 1556 quod
1140 1474 1192 1537 ubi
1210 1473 1257 1536 si-

157 1591 217 1649 torn
239 1585 342 1666 luerit,
363 1604 464 1669 neque
488 1587 565 1651 dixit
587 1604 688 1669 nequo
710 1588 816 1652 dicere
830 1587 936 1669 potuit.
969 1585 1055 1650 Idem
1069 1601 1182 1649 nomen
1198 1584 1257 1647 ite-

154 1710 221 1759 rum
250 1697 344 1761 inter,
359 1696 486 1761 limitum
510 1699 588 1763 Duoi
612 1698 731 1763 Maurit.
756 1698 881 1762 Caesar.
912 1696 1105 1761 subditorum
1132 1694 1269 1758 nomina·

156 1805 267 1888 legitur
282 1826 348 1889 cap.
363 1807 473 1875 xxix.
488 1826 569 1872 nom.
586 1812 613 1871 1.
636 1796 727 1890 atque¹
747 1784 877 1872 eundem
887 1807 1025 1872 Limitem
1040 1812 1170 1888 utroque
1184 1804 1257 1867 loco

155 1916 324 1997 significari
338 1918 479 1998 opinatus
491 1924 539 1983 est
545 1917 735 1997 Pancirolus,
748 1918 795 1981 cui
805 1918 979 1981 accessisse
989 1915 1112 1978 videtur
1119 1912 1257 1981 Marcell.

156 2026 178 2087 l.
191 2043 220 2105 p.
238 2024 307 2087 145.
330 2026 406 2104 ,Mic
417 2024 506 2089 limes
519 2025 688 2103 (Panciroli
703 2024 799 2089 verba
814 2030 900 2104 sunt)
923 2030 953 2087 et
975 2040 1120 2103 sequens,
1135 2021 1259 2102 longius

158 2150 193 2194 se
214 2133 428 2210 extendentes,
449 2132 528 2195 duos
547 2131 703 2205 habebant
718 2131 925 2211 Praepositae,
945 2130 1028 2192 hunc
1046 2128 1113 2193 scil.
1127 2128 1260 2207 etalium

161 2240 217 2301 sub
232 2240 318 2302 Duce
330 2240 530 2304 Mauritaniae
548 2238 772 2318 Caesariensis,
795 2240 847 2320 qui
862 2240 942 2303 lorte
958 2239 997 2303 ad
1014 2238 1145 2301 eundem
1159 2237 1260 2301 locum

164 2354 263 2412 castra
280 2349 475 2431 iungebant«.
498 2350 638 2415 Eundem
652 2349 777 2414 limitem
788 2355 817 2414 et
826 2349 883 2413 sub
892 2348 1009 2414 Comite
1021 2348 1149 2413 Africae
1161 2355 1193 2412 et
1204 2348 1261 2411 sub

160 2458 246 2521 Duce
268 2459 471 2524 Mauritaniae
490 2460 589 2525 luisse
610 2460 685 2523 milri
706 2458 895 2541 persuadere
917 2477 1049 2541 nequeo.
1092 2459 1138 2524 De
1153 2440 1260 2545 Mauro

114 2556 117 2563 ’
160 2569 256 2632 limite
281 2570 417 2635 Notitiae
438 2570 672 2635 ecclesiasticae
695 2570 915 2635 dubitationem
943 2570 1069 2651 tollunt,
1094 2555 1261 2653 qnae'ec-

162 2680 286 2743 clesiam
309 2680 595 2763 Columpnatensem
610 2700 637 2747 s.
652 2682 908 2765 Colupnatensem
930 2682 1059 2763 eiusque
1080 2682 1271 2764 episcopum·

158 2790 328 2853 Martialem
350 2797 531 2871 recensent,
556 2791 641 2855 unde
661 2791 724 2856 loci
751 2809 863 2857 nomen
886 2792 1095 2856 Columnatum
1116 2811 1141 2855 s.
1166 2791 1260 2855 Colu-

158 2904 265 2963 mnata
286 2901 384 2965 luisse
407 2901 595 2966 censendum
616 2907 673 2997 est,
696 2902 755 2979 (oi.
781 2902 814 2965 C.
838 2922 856 2966 a
880 2902 910 2965 S.
924 2902 1016 2965 Paula
1038 2920 1067 2984 p.
1086 2903 1155 2966 112.
1178 2902 1261 2982 ,Co-

163 3010 314 3089 lumnae“,
340 3009 449 3092 Bingh.
460 3029 489 3092 p.
501 3010 573 3075 614.
589 3030 620 3075 n.
632 3009 662 3075 9.
678 3011 892 3091 ,Columnae“,
915 3012 1052 3075 Marcell.
1067 3029 1096 3093 p.
1109 3008 1161 3074 41.
1176 3012 1261 3091 ,Co-

159 3120 394 3202 lumprutensis“
422 3128 491 3203 [pro
522 3120 838 3202 ColumpaatensisJ);
862 3128 998 3186 ceterum
1020 3121 1110 3185 huius
1139 3138 1262 3203 qnoque

160 3228 223 3292 loci
246 3230 323 3293 situs
344 3229 481 3295 incertus
498 3236 561 3295 est:
584 3231 717 3295 lactasse
737 3231 770 3293 in
791 3230 945 3295 hodierno
961 3231 1085 3294 nomine
1102 3226 1260 3292 Kartrneeta
1344 3232 1350 3245 ‘

162 3357 187 3401 s.
211 3336 350 3403 Mulmeta
368 3339 559 3425 Algerianae
579 3340 759 3423 provinciae
780 3339 991 3406 Tlemsanicae
1015 3341 1082 3403 sive
1102 3340 1263 3413 qucarae
1336 3348 1338 3353 '

166 3447 399 3515 Columnatense
426 3450 626 3516 Mauritaniae
650 3450 862 3515 Caesariensis
889 3468 1003 3514 nomen
1033 3455 1174 3530 superest
1182 3470 1202 3529 3.
1221 3450 1262 3513 do

164 3575 224 3638 quo
247 3559 318 3625 ride
337 3561 438 3625 Edris.
461 3562 575 3626 llartm.
589 3579 619 3643 p.
636 3561 707 3625 905.
724 3565 788 3625 nat.
800 3578 830 3624 o.
874 3561 989 3624 Locum
1006 3560 1068 3624 hoa
1090 3560 1189 3643 capite
1210 3561 1261 3623 in-

165 3667 298 3735 dicatum
322 3671 354 3734 in
373 3670 562 3737 Mauretania
584 3671 720 3736 sitifensi
741 3670 942 3753 quaesierim,
965 3670 1021 3735 sed
1041 3672 1180 3753 reperire
1201 3689 1262 3735 ne-

163 3797 257 3860 queo:
282 3781 419 3859 Calama,
444 3777 579 3860 Metauri
601 3780 675 3845 Ptol.
688 3780 738 3845 lV.
751 3783 780 3846 2.
794 3781 826 3844 in
842 3779 1066 3847 mediterranea
1079 3782 1262 3847 Mauritania

163 3890 375 3966 Caesariensi,
402 3890 539 3971 Collops,
562 3888 695 3972 Κὸλλοψ
721 3885 744 3974 ἢ
767 3891 908 3969 Mitior,
929 3890 1048 3969 Clarllu,
1071 3890 1263 3955 0111111111-

162 4000 324 4082 nicipium,
350 4002 505 4083 hodieque
524 4000 620 4079 Collo,
644 4003 741 4065 Plinio
764 4002 949 4085 Solinaque,
970 4003 1145 4068 Ptolomaeo
1168 4002 1264 4066 ltine-

162 4111 315 4193 rariisque
337 4118 427 4194 atque
447 4110 569 4176 Notitiis
590 4112 812 4177 ecclesiasticis
836 4104 1035 4178 memoratum
1052 4113 1109 4191 (ci.
1122 4111 1261 4177 Marcell.

163 4220 185 4284 l.
207 4240 236 4303 p.
252 4222 322 4286 149.
337 4242 367 4285 v.
387 4222 589 4302 Callidemus),
610 4223 662 4286 ubi
685 4223 776 4287 multa
798 4223 954 4307 hodieque
974 4224 1181 4290 Romanorum
1205 4240 1264 4285 va-

162 4333 256 4415 stigia
285 4340 448 4415 supersunt
471 4334 529 4412 (cl.
547 4333 656 4399 Bruns.
670 4334 721 4399 vt.
742 4352 772 4416 p.
789 4335 861 4400 213.
887 4341 919 4401 et
938 4333 1042 4400 Ukert.
1067 4332 1216 4413 Nardosr.
1231 4348 1262 4414 p.
