2918 4914
91 221 1316 286 ἥκετε-ἐπῆ

297 391 428 447 oseas.
454 391 495 439 ao
513 366 1071 454 rua.119*.tt.‘23.2lt.nar.arn.
1127 373 1240 447 todo*

140 598 203 671 est,
225 593 326 655 Laetos
348 610 410 654 non
432 593 490 657 nisi
522 600 631 675 sponte
660 613 715 657 sua
739 595 771 656 in
797 597 951 658 Romanas
976 596 1154 676 provincias
1183 613 1242 657 ve-

138 704 223 765 nisse
237 705 274 765 00.
320 705 376 767 sed
398 705 495 768 luisse
518 706 610 767 etiam
634 706 684 785 qui
707 705 819 767 ‹leuicti
843 707 909 769 sive
931 705 1071 768 volentes
1094 707 1161 769 sive
1182 722 1244 769 no-

140 812 239 875 lentes
262 811 313 876 ‘ad
329 814 444 877 nostra’
465 814 740 893 transferebantur,
763 833 825 876 non
850 815 982 879 obscure
1008 814 1158 878 nonnulli
1180 813 1242 876 loci

140 922 321 986 confirmant
335 926 373 1001 ⁶⁷,
399 924 536 1005 quamvis
567 942 584 986 a
614 924 691 986 lactis
716 925 853 987 dediticii
878 925 1088 1007 distinguendi
1109 926 1188 1004 sint,
1210 930 1244 986 ut

140 1039 246 1113 aperte
268 1032 405 1096 distinxit
422 1033 555 1097 lulianus
572 1033 654 1114 imp,
677 1034 728 1095 ubi
748 1053 782 1096 se
797 1035 1004 1115 praebiturum
1019 1041 1143 1116 praeter
1161 1051 1244 1115 gen-

124 1142 208 1206 tiles
229 1163 268 1207 ex
289 1143 405 1206 sobolis
426 1143 566 1224 palatinis
591 1154 685 1224 (quos
709 1145 902 1207 recentiores
925 1145 1025 1207 adbuc
1048 1162 1116 1206 cum
1139 1144 1244 1225 genti-

139 1253 218 1315 libus
241 1254 388 1316 Sarmatis
411 1254 603 1316 contundere
625 1254 708 1316 soliti
730 1262 811 1332 sunt,
837 1254 876 1315 de
899 1272 959 1334 quo
980 1272 1088 1317 errore
1109 1272 1244 1316 accura-

138 1362 198 1426 tius
232 1363 312 1426 inira
342 1363 507 1426 dicendum
539 1364 613 1444 erit)
646 1369 706 1425 tum
734 1366 833 1427 Laetos
856 1384 894 1426 ex
921 1363 1061 1426 barbaris
1090 1364 1148 1426 iam
1170 1363 1243 1425 olim

143 1472 175 1535 in
198 1472 311 1537 Gallias
335 1473 490 1554 translatis
513 1481 713 1554 procreatos,
737 1481 796 1536 lum
825 1474 988 1537 dediticios
1018 1474 1168 1537 barbaros
1193 1472 1245 1554 qui

139 1601 236 1664 nuper
256 1583 313 1647 sub
337 1584 493 1646 dicionem
516 1585 602 1648 Rom.
620 1585 793 1662 venissent,
822 1585 889 1648 sive
914 1586 935 1646 ii
957 1584 1040 1647 domi
1064 1584 1154 1647 liberi
1176 1584 1244 1647 sire

140 1693 224 1757 servi
245 1694 369 1771 suerint,
393 1695 555 1775 expressit.
601 1694 722 1756 Veteris
743 1693 818 1755 iuris
831 1695 917 1758 Rom.
932 1695 1085 1756 rationem
1106 1694 1144 1756 iis
1165 1699 1246 1756 tem-

140 1804 277 1885 poribus,
300 1804 409 1885 quibus
434 1803 534 1866 laetica
557 1803 702 1864 condicio
726 1804 823 1885 recipi
849 1806 961 1884 coepit,
986 1804 1063 1866 baec
1086 1804 1163 1884 ipsa,
1187 1802 1243 1866 sed

141 1914 275 1995 apertius
298 1914 470 1991 colonatus,
492 1913 591 1995 qualis
615 1919 683 1993 post
705 1913 816 1975 bellum
841 1913 1121 1975 llarcomannicum
1144 1912 1244 1974 factus

143 2032 209 2104 est,
232 2024 407 2088 abolevisse
431 2024 656 2101 demonstrant,
692 2043 759 2086 curn
785 2024 954 2086 secundum
978 2024 1058 2086 illius
1080 2027 1245 2104 praecepto

143 2154 354 2217 quemcunque
376 2141 485 2198 statum
503 2135 588 2196 domi
611 2133 784 2214 habuerint,
807 2135 887 2216 capti
908 2135 1014 2198 hostes
1033 2151 1140 2197 ornnes
1160 2134 1245 2197 eius-

144 2247 213 2310 dem
238 2246 434 2308 condicionis
458 2246 531 2309 lacti
553 2250 633 2324 suut,
659 2243 719 2306 hoc
740 2251 786 2307 est
809 2245 902 2324 servi,
927 2245 1065 2326 quamvis
1082 2243 1161 2325 capti
1184 2242 1245 2305 bo-

142 2357 233 2419 stium
255 2374 350 2438 reges
373 2356 530 2435 ducesque
549 2373 604 2434 pro
627 2373 682 2416 sua
707 2355 836 2435 quisque
852 2353 1001 2436 dignitate
1022 2354 1115 2444 aliam
1129 2358 1244 2416 sortem

141 2474 232 2548 atque
254 2466 364 2548 vulgus
390 2466 581 2528 devictorum
611 2464 694 2526 nacti
724 2464 835 2527 sinito.
890 2464 961 2526 Post
989 2463 1075 2526 laetos
1105 2461 1242 2526 dediticii

142 2576 281 2588 ———

241 2611 277 2677 ⁶⁶)
299 2610 371 2660 llanc
391 2609 546 2660 Gothol'redi
567 2610 646 2659 etiam
673 2616 700 2660 et
721 2609 838 2659 Grimmii
858 2610 1011 2675 opinionem
1035 2609 1121 2660 denuo
1143 2607 1243 2674 profert

139 2703 244 2772 Zumpt.
258 2707 334 2772 pol.
410 2708 446 2774 67)
466 2706 572 2757 l'raeter
591 2721 671 2772 supra
690 2705 822 2757 exhibitos
843 2706 918 2758 locos
936 2706 1057 2757 Eumenii
1079 2712 1117 2776 (n.
1130 2703 1179 2776 l.),
1199 2705 1244 2772 qui

138 2800 214 2852 laetos
239 2803 346 2870 quidem
374 2802 536 2869 postliminio
557 2806 693 2855 restitutos
713 2803 793 2867 dicit,
813 2802 859 2854 sed
879 2804 901 2854 si
923 2802 1036 2854 rhetoris
1057 2802 1138 2854 verba
1157 2801 1245 2853 bisto-

139 2901 196 2951 rice
215 2901 430 2966 interpretamur,
453 2909 560 2952 coactos
579 2902 664 2954 luisse
688 2917 740 2951 non
760 2909 850 2971 negat,
872 2909 898 2953 et
917 2901 1015 2951 Zosimi
1035 2899 1139 2970 (mill.)
1157 2900 1244 2951 refero

141 2996 173 3049 ad
192 2997 220 3049 L.
235 2997 275 3051 to.
286 2998 332 3050 Th.
346 2995 416 3049 (hdo
434 2997 589 3050 desertorib.
600 2999 657 3050 llll.
673 3000 713 3051 13.
725 3016 749 3050 a.
760 2999 932 3064 loddatam,
957 3014 1007 3066 qua
1027 3012 1119 3050 servos
1139 2997 1245 3049 bellicis

141 3075 202 3146 sese
219 3093 359 3146 sudoribus
379 3096 476 3146 offerro
496 3095 668 3147 exhortantur
686 3098 869 3162 imperatores,
890 3097 1048 3163 ,praecipue
1067 3109 1132 3146 sans
1152 3109 1242 3146 eorum
1315 3136 1318 3141 .

141 3205 244 3256 servos,
263 3205 329 3259 quos
348 3191 443 3243 militia
463 3200 561 3242 armata
580 3193 708 3255 detentat,
728 3193 924 3244 foederatorum
946 3192 1031 3243 nihilo
1043 3193 1129 3242 minus
1150 3192 1245 3243 etde.

142 3287 310 3353 diliciarum,
331 3290 455 3357 qnoniam
477 3289 549 3354 ipsos
568 3304 674 3356 quoque
694 3304 747 3340 ona
766 3305 824 3340 cum
845 3289 957 3340 dominis
977 3295 1080 3340 constat
1098 3287 1169 3340 bella
1189 3295 1244 3339 tra.

140 3392 240 3438 ctsra“.
264 3385 298 3437 Et
313 3386 474 3438 lastinianus
494 3388 573 3437 etiam
590 3387 617 3437 l..
625 3387 720 3448 2.§.8.
730 3385 759 3436 C.
767 3384 800 3437 de
812 3387 855 3437 oll.
865 3387 902 3437 Pl.
911 3386 938 3438 P.
947 3384 1002 3436 Afr.
1012 3384 1190 3436 l.27.rnilites
1209 3385 1244 3436 li-

141 3485 275 3536 mitaneos
293 3485 419 3536 constitui
438 3483 507 3549 volt,
527 3484 592 3551 „qui
611 3485 714 3550 possint
734 3490 761 3535 et
782 3491 868 3534 castra
888 3490 914 3534 at
933 3484 1051 3534 civitatis
1070 3481 1169 3533 limites
1195 3481 1243 3534 de..

140 3580 252 3633 fondere
272 3589 299 3632 et
323 3591 408 3633 terras
428 3582 531 3645 colere,
559 3591 582 3632 et
602 3590 629 3632 ist
648 3580 697 3633 olii
720 3581 896 3649 provinciales
918 3581 1033 3632 sidentes
1052 3596 1159 3649 coepes
1177 3595 1246 3648 por-

140 3685 178 3730 tes
203 3680 238 3730 ad
263 3679 310 3730 itta
329 3679 388 3730 loon
410 3696 438 3730 sc
464 3681 663 3745 conserant..“.
703 3678 772 3746 (l'ria
802 3679 935 3729 bominum
958 3692 1058 3746 genera
1085 3691 1244 3729 enumeran-

140 3783 198 3827 tur:
228 3780 255 3845 1)
275 3791 342 3843 quos
361 3775 416 3826 mil.
429 3791 492 3826 arm.
505 3775 568 3840 det,
590 3779 669 3846 [quos
688 3790 740 3844 ego
759 3774 833 3826 laetos
857 3778 933 3844 puto]
957 3777 984 3846 2)
1003 3773 1154 3825 foederatos
1164 3776 1244 3844 [quos

139 3871 242 3940 Zumpt.
261 3871 334 3923 laetos
355 3865 457 3941 putat]⁸,
484 3873 512 3943 3)
529 3872 693 3941 dediticios.)
739 3871 838 3923 Eadem
858 3871 981 3922 utilitatis
1004 3886 1111 3935 caussa,
1137 3878 1245 3939 propter

141 3986 218 4039 qoam
238 3969 390 4021 limitaneos
408 3967 508 4019 milites
526 3967 667 4020 allicerent
687 3975 729 4032 et,
750 3968 794 4018 ubi
815 3968 872 4019 lieri
891 3959 985 4034 potuit,
1004 3969 1083 4019 otiam
1101 3969 1128 4019 in
1150 3984 1244 4019 nome.

140 4082 183 4143 ros
201 4073 340 4135 cogerent,
360 4067 388 4116 in
407 4065 491 4117 Latos
513 4080 618 4133 quoque
641 4063 761 4128 cadebat,
781 4079 846 4133 quos
865 4064 970 4117 scilicet
989 4064 1021 4116 ad
1040 4064 1182 4117 Romanam
1200 4064 1244 4117 le-

139 4164 268 4218 lieitatem
286 4162 448 4231 sequendam
465 4142 573 4214 coactos
592 4162 676 4213 luisse
694 4177 771 4213 nemo
791 4171 865 4214 certe
884 4163 1016 4215 Romanos
1034 4163 1191 4230 scriptores,
1210 4177 1245 4213 no

94 4256 100 4264 ⁴
140 4262 226 4317 dicem
246 4264 422 4331 imperatores
442 4261 524 4326 ipsos,
544 4260 642 4311 diserte
661 4259 740 4310 lateri
760 4261 932 4326 exspectabit.
1102 4261 1138 4327 ⁶⁸)
1159 4258 1192 4311 Ut
1210 4259 1244 4311 do

139 4362 240 4418 Seuero
261 4359 339 4412 Alex.
354 4357 518 4424 Lampridius
530 4356 573 4410 58.
586 4357 728 4426 „Captivos
747 4356 910 4411 diversarum
929 4358 1065 4410 nationum
1081 4357 1173 4410 amicis
1192 4356 1243 4410 do·

91 4486 1325 4681 *wo
