2918 4914
70 1044 72 1048 ·
205 1011 394 1075 fflrnaroon
425 1009 543 1091 quaeri.
600 1007 713 1072 Galeus
746 1025 774 1089 p.
790 1006 859 1071 tto.
880 1010 1038 1074 recentius
1070 1026 1182 1074 nomen
1214 1011 1316 1076 Dicin

208 342 300 420 sod*
319 357 486 418 sandrat
501 367 577 416 nor.
589 362 976 417 occasaxxxvnn'nvx
988 364 1241 422 transnataret.

79 562 80 567 ’
207 573 312 633 cetera
333 567 437 630 omnia
457 567 583 631 nomina
603 565 633 630 h.
642 566 662 628 l.
675 563 821 646 exhibita,
843 566 870 629 si
881 566 1000 631 incerta
1013 566 1176 650 Praecidit,
1189 543 1318 653 llapto'-

206 695 266 741 nae
286 684 317 741 et
338 676 439 759 Magia
461 676 611 759 excipias,
634 675 673 740 ad
695 676 859 741 llaximam
871 677 1105 743 Caesariensem
1124 679 1315 764 pertineant,

205 789 309 854 malim
331 789 392 852 hoc
416 787 550 850 Dicttnm
570 787 602 849 in
620 770 770 851 ionium
790 765 982 853 Eburacensi
1003 795 1054 854 aut
1066 788 1318 857 Wesunorelan-

205 900 277 964 diae
300 898 505 962 Cumbriaeve
530 916 620 979 quam
643 896 676 959 in
699 896 871 961 confinibus
902 899 1098 963 comitatuum
1122 899 1264 982 Dmdmlt
1284 910 1318 967 et

205 1120 384 1203 Geographi
399 1121 483 1184 llav.
499 1118 612 1182 nullum
638 1116 813 1198 adscripsit.

290 1218 470 1310 -}.10.]
500 1227 636 1311 andium
662 1219 797 1290 annac.
840 1227 1019 1292 Pancirolus
1048 1226 1150 1312 „qood
1184 1230 1315 1315 vigilias

203 1340 292 1404 obire
315 1339 562 1419 consuevissent,
586 1346 657 1403 sunt
672 1336 889 1404 denominati‘t
903 1346 908 1359 ·
922 1338 1015 1418 Sane,
1035 1339 1148 1425 vigiles
1167 1340 1312 1426 vigilant.

202 1455 312 1513 nautas
335 1449 357 1512 i.
372 1467 399 1511 e.
418 1448 547 1512 navales
572 1449 682 1513 milites
706 1449 806 1513 scotis
830 1467 869 1512 ex
892 1447 1039 1514 llibernia
1071 1450 1313 1533 irrumpentibus

204 1558 362 1640 oppositos
387 1555 485 1621 fuisse
509 1543 769 1637 conlactaneum,
801 1556 942 1620 similiter
970 1563 1060 1639 atquae
1086 1559 1221 1623 harcarii
1245 1561 1313 1624 Ar-

202 1668 358 1732 beienses.
382 1703 424 1718 ·-
451 1666 621 1749 Concapios
647 1667 832 1751 (Concopior
851 1660 976 1750 a¹⁸.)aa‘.
1013 1669 1169 1751 capanna
1191 1669 1310 1755 Geogr.

203 1778 277 1842 llav.
287 1778 323 1840 V.
336 1778 401 1856 31.‚
425 1776 476 1839 ubi
491 1777 603 1842 Galeas
626 1795 654 1859 p.
671 1778 741 1842 146.
754 1780 910 1843 recentius
933 1797 1046 1843 nomen
1058 1778 1235 1861 Gamla»
1252 1781 1312 1844 ad-

202 1887 337 1969 scripsit.
366 1887 537 1966 [Ouinium
548 1888 747 1969 parochiatus
759 1890 790 1951 in
808 1891 953 1953 comitatu
967 1889 1176 1971 Salopiensil]
1194 1889 1312 1960 Panei-

201 1997 287 2062 rolus
310 1997 349 2061 de
371 1996 481 2078 Conpis
501 1998 680 2061 interiorem
693 1998 812 2062 valliae
834 2006 950 2081 partem
975 2000 1014 2062 ad
1037 1999 1231 2064 occidentem
1256 2000 1310 2063 in-

203 2107 377 2172 colentibus
400 2126 465 2172 sec.
477 2107 573 2172 'lacit
590 2108 671 2171 Anu.
690 2108 755 2172 Xll.
769 2109 820 2173 32.
836 2115 867 2173 et
886 2109 990 2190 Polyd.
1006 2109 1100 2192 Angl.
1118 2109 1188 2172 hist.
1202 2106 1256 2172 lib.
1269 2109 1307 2174 ll.
1364 2090 1368 2193 1

158 2272 162 2283 .
202 2218 393 2299 menapios
415 2219 559 2300 oppidum
582 2218 753 2282 derivatum
766 2218 908 2300 opinatus
923 2224 978 2283 est.
1002 2219 1057 2282 sed
1072 2218 1147 2281 ninil
1164 2219 1309 2304 hicangi

200 2328 300 2390 'laciti
330 2329 398 2391 sive
418 2328 576 2391 Decantae
598 2328 763 2392 Ptolemaei
787 2326 826 2391 ad
854 2327 936 2409 hunc
958 2328 999 2391 de
1026 2344 1087 2409 quo
1111 2329 1232 2413 agimus
1256 2327 1309 2392 lo-

203 2455 282 2501 cum.
329 2437 502 2500 Camdenns
531 2433 643 2518 ptam.
658 2455 705 2519 sq.
719 2435 905 2517 „candatia‚
929 2438 949 2501 i.
964 2457 991 2501 e.
1005 2437 1094 2501 vallis
1115 2437 1154 2501 ad
1176 2429 1306 2502 Kanum.

203 2546 273 2610 Kan
291 2548 373 2610 enim
395 2547 505 2611 lluvius
527 2548 577 2628 qui
600 2547 684 2611 saxis
702 2554 861 2629 asperatus
881 2548 961 2611 hanc
983 2547 1094 2611 vallem
1114 2549 1307 2633 perstringit,

202 2673 315 2719 nomen
344 2655 474 2735 indidit,
509 2655 548 2718 ad
580 2657 666 2720 cuius
696 2656 859 2720 occiduam
893 2657 990 2738 ripam
1026 2657 1306 2738 saepientissimurn

202 2764 346 2847 oppidum
370 2763 517 2845 dandule,
542 2766 715 2830 siveldirlce
736 2766 774 2848 by
796 2765 947 2843 Kondota,
969 2769 1149 2832 ieiunum
1172 2768 1204 2830 in
1226 2768 1307 2833 valle

201 2876 240 2939 ad
262 2876 398 2939 Canum.
415 2877 640 2940 ...vetustatis
671 2883 771 2941 autem
799 2877 931 2962 gloriam
961 2878 1019 2942 sibi
1051 2877 1165 2941 nullarn'
1193 2878 1307 2942 vendi-

202 2992 262 3064 cat,
286 2985 347 3049 nisi
362 2970 536 3066 'Concaapir'
557 2988 636 3066 sint,
660 2986 739 3069 apud
760 3003 840 3068 quos
859 2989 1014 3052 llnmerus
1037 2987 1172 3072 vigilum
1193 2989 1305 3051 statio-

200 3087 271 3159 nem
294 3095 367 3158 olim
392 3094 534 3158 habuit..
551 3096 731 3161 .Com-Can
757 3097 871 3160 etenim
896 3097 976 3160 idem
1003 3102 1094 3160 sonat
1116 3096 1304 3176 Britannica,

200 3205 284 3288 quod
308 3204 444 3267 condole
467 3203 614 3289 anglice,
638 3211 669 3267 et
689 3205 785 3269 Vadis
808 3207 847 3269 ad
869 3205 984 3270 Canum
998 3206 1114 3269 Latine.
1158 3205 1220 3269 Sed
1236 3223 1304 3269 enm

199 3315 326 3379 Latinae
349 3333 440 3378 aures
462 3313 662 3394 &menapios
685 3332 749 3378 non
771 3322 957 3396 paterentur,
981 3314 1171 3396 Concangios
1191 3313 1305 3377 leniori

200 3443 280 3488 voce
298 3441 430 3488 vocasse
454 3423 645 3487 videantur“.
669 3423 708 3487 cl.
718 3423 1003 3489 camden-Gibson.
1014 3442 1043 3505 p.
1057 3423 1141 3502 564„
1161 3423 1213 3486 ulti
1233 3441 1303 3486 cnm

199 3534 360 3596 Panoirolo
391 3534 489 3618 Cangi
522 3524 744 3596 Comaviorum
773 3533 812 3596 ad
842 3535 924 3596 hunc
954 3534 1087 3598 Notitiae
1114 3533 1216 3596 locum
1237 3538 1304 3595 ua-

198 3642 331 3718 huntnr3
353 3643 407 3705 sed
425 3661 453 3723 p.
466 3644 538 3707 805.
553 3643 632 3707 haec
655 3644 814 3727 leguntur:
836 3641 939 3724 „Once
951 3643 1061 3706 indeed
1076 3641 1096 3704 l
1105 3659 1172 3704 war
1184 3642 1301 3723 osopi.

197 3749 283 3824 aion
305 3749 370 3812 tdot
390 3751 507 3814 llendal
529 3769 597 3814 was
620 3752 668 3813 tae
689 3753 741 3814 old
764 3751 884 3814 Menan
904 3751 1018 3814 station
1039 3750 1227 3834 Concangii3
1251 3750 1303 3813 but

198 3860 269 3921 time
292 3860 349 3921 has
373 3859 528 3941 insormcd
545 3882 593 3924 me
613 3862 717 3923 better.
752 3861 863 3924 lower
884 3862 917 3923 in
938 3862 987 3922 lde
1009 3862 1096 3922 river
1117 3860 1193 3939 Can,
1218 3859 1305 3922 tanc

197 3987 254 4033 ore
275 3975 335 4031 two
361 3969 570 4051 Woter-fctls
593 3979 693 4051 etc.“,
719 3972 759 4035 ad
789 3989 878 4054 quem
906 3972 1006 4034 locum
1034 3971 1209 4052 p.810.s('p
1224 3969 1303 4034 haec

199 4072 343 4144 annotata
376 4088 464 4144 sunt:
494 4080 572 4163 „Not
592 4081 646 4162 far
672 4083 756 4161 [rom
785 4082 879 4143 denec
909 4078 1228 4144 isWatar-Croolre
1251 4087 1303 4157 (ao

198 4191 290 4254 coll’d
307 4191 389 4270 [rom
410 4212 431 4252 a
453 4191 645 4254 remarkable
667 4191 811 4272 crooleinp
833 4192 865 4252 in
887 4192 935 4253 tlte
958 4192 1077 4269 river),
1098 4190 1202 4251 saltere
1219 4208 1303 4268 upon

197 4301 246 4364 tlte
268 4303 421 4364 eust-side
434 4305 472 4385 of
487 4303 551 4365 tltat
570 4304 656 4364 river
677 4303 704 4363 is
727 4321 767 4364 an
784 4303 836 4365 old
846 4321 961 4384 square
973 4303 1049 4383 sort,
1066 4301 1114 4362 tlte
1128 4298 1226 4362 baala
1240 4299 1306 4362 and

1355 4427 1370 4493 l

1354 4509 1373 4558 e
