2918 4914
171 246 193 403 ’ἴ
247 382 361 457 1082*
377 400 1347 454 urrantnnoroccclnxc.emuoarrvmmomrumna.
1400 238 1412 567 Ι

243 601 286 664 ita
308 602 398 664 etium
420 620 437 663 a
460 602 603 684 gentibus
621 607 681 663 tum
695 601 981 665 Marcomannorum
1004 600 1061 663 sub
1074 599 1160 662 Duce
1170 596 1352 662 Pannoniae

244 710 266 773 l.
284 710 432 772 militante
447 722 490 791 (p.
501 710 569 774 99¹.
580 713 608 788 i.
617 711 665 790 9.)
682 718 809 792 lumper
822 710 945 774 Raetias
960 708 1101 791 deputata
1115 705 1351 790 (p.103'.i.3.)

247 817 303 881 bas
326 819 487 882 Gentilium
510 821 721 902 praefecturas
745 821 970 882 discernimus⁷
994 838 1053 882 nec
1075 819 1133 881 nisi
1157 817 1198 880 de
1219 816 1268 880 liis
1289 816 1320 879 b.
1329 815 1351 879 1.

246 928 395 994 dicemus.
447 931 656 994 Memorantur
686 936 788 994 autem
818 932 884 993 eius
899 931 982 992 modi
1008 929 1156 1010 praefecti
1183 927 1353 991 Gentilium

245 1046 306 1102 tum
329 1059 385 1121 per
407 1040 548 1104 diversas
574 1041 737 1104 Galliarum
760 1040 948 1122 provincias,
972 1047 1034 1102 tum
1057 1057 1112 1120 per
1135 1037 1252 1101 ltaliam
1276 1036 1351 1101 inde

247 1167 265 1210 a
293 1148 417 1212 Bruttiis
450 1156 480 1213 et
503 1149 644 1213 Calabria
672 1168 771 1232 usque
799 1150 836 1212 ad
861 1149 956 1230 Alpes
986 1148 1175 1228 sedentium,
1202 1147 1260 1211 sed
1289 1162 1354 1209 non
1402 1170 1405 1181 ¹

246 1259 306 1320 nisi
331 1259 521 1338 Suevorum,
547 1261 754 1323 Sarmatarum
779 1266 809 1323 et
829 1259 1015 1323 Taifalorum
1041 1258 1203 1322 Gentilium
1234 1257 1354 1320 mentio
1402 1280 1406 1345 ξ

249 1367 291 1429 lit.
323 1389 362 1432 ex
384 1370 453 1433 aliis
483 1371 584 1451 ltaque
611 1370 731 1451 populis
754 1375 845 1451 atque
865 1369 960 1449 Lati,
983 1368 1120 1432 Gentiles
1141 1387 1250 1432 omnes
1275 1386 1357 1431 con-
1403 1386 1411 1475 p

246 1476 386 1540 stabant:
409 1478 453 1541 illi
475 1496 536 1542 non
557 1480 616 1542 nisi
633 1499 671 1541 ex
686 1479 889 1557 Germanicis,
912 1480 931 1540 i.
944 1497 971 1540 e.
982 1479 1108 1541 Francis
1123 1477 1355 1558 Batavioisque,
1404 1486 1412 1547 t·

247 1585 280 1648 bi
305 1603 368 1649 non
392 1588 452 1649 nisi
484 1604 524 1649 ex
555 1587 708 1669 Scythicis
732 1587 868 1669 populis,
895 1588 913 1648 i.
928 1607 956 1650 e.
969 1587 1078 1651 Suavis
1101 1586 1132 1650 h.
1149 1606 1175 1650 e.
1192 1586 1358 1664 Quadicis,
1404 1650 1408 1681 Ι

250 1694 415 1776 Sarmatis,
439 1697 458 1758 i.
475 1717 502 1759 e.
522 1697 704 1778 lazygibus,
730 1715 798 1759 cum
820 1697 964 1779 Scythica
986 1715 1011 1759 s.
1029 1696 1144 1759 Dacica
1167 1694 1359 1759 Taifalorum
1404 1748 1429 1773 „

250 1804 369 1870 Gottbis
396 1807 562 1869 coniuncta
595 1814 689 1888 gente
723 1807 876 1889 originem
910 1796 1110 1870 habebantfli
1133 1807 1253 1870 Suevos
1284 1823 1359 1869 cum
1403 1844 1410 1955 p

250 1914 397 1980 Sarmatis
420 1916 581 1999 lazygibus
608 1916 666 1978 iam
690 1916 746 1978 sub
768 1916 888 1978 illorum
908 1925 994 1998 'rege
1017 1915 1148 1995 Vannio,
1180 1914 1312 1996 „Suevis
1338 1932 1358 1977 a

247 2024 349 2088 Druso
366 2026 501 2090 Caesare
517 2026 688 2105 imposit0“‚
712 2025 895 2088 coniunctos
917 2024 1048 2108 legimus
1072 2044 1119 2106 ap.
1134 2025 1296 2087 facitum⁹
1315 2022 1356 2086 ad

252 2154 279 2198 u.
292 2134 362 2199 Chr.
376 2137 438 2215 50.,
459 2136 510 2217 qni
524 2135 613 2197 buius
634 2136 720 2217 regis
737 2136 870 2217 equitem
886 2154 903 2196 e
917 2136 1065 2199 Sarmatis
1079 2134 1241 2219 lazygibus
1257 2133 1358 2197 fuisse
1439 2168 1444 2186 ·

254 2247 421 2310 meruoriac
453 2245 587 2308 tradidit.
641 2245 678 2307 Et
705 2247 862 2327 permultis
890 2246 958 2309 aliis
983 2246 1060 2309 locis
1089 2247 1139 2327 qui
1163 2245 1201 2307 ad
1224 2261 1278 2307 res
1300 2262 1358 2308 se-

251 2357 413 2438 quentibus
436 2356 569 2419 saeculis
589 2363 694 2439 gestas
717 2357 896 2437 respiciunt,
919 2358 1038 2420 Suevos
1062 2362 1092 2419 et
1105 2357 1261 2419 Sarmatas
1282 2355 1358 2418 iuu-

248 2474 360 2531 xerunt
382 2468 561 2548 scriptores.
606 2467 667 2529 Cur
693 2468 837 2546 tandem,
860 2484 995 2546 quaeso,
1018 2483 1080 2528 non
1104 2466 1195 2529 etiam
1219 2464 1251 2526 hi
1273 2465 1354 2528 bar-

246 2578 331 2656 bari,
356 2579 523 2641 Romanam
546 2577 723 2640 felicitatem
752 2582 937 2656 sequentes,
960 2576 991 2637 in
1014 2576 1160 2638 Romanis
1182 2574 1357 2656 provinciis

247 2703 342 2769 agros
368 2685 505 2748 colentes
527 2684 677 2765 simulque
700 2685 826 2747 militiae
850 2685 997 2747 oneribus
1020 2685 1158 2764 obnoxii,
1181 2684 1257 2747 Lati
1279 2683 1358 2748 facti

248 2796 344 2857 sunt?
378 2795 522 2859 videlicet
541 2795 669 2858 Romani
697 2813 759 2857 non
790 2803 851 2858 tam
874 2796 1015 2858 fecerunt
1036 2797 1156 2873 Latos,
1183 2812 1273 2874 quam
1297 2811 1357 2857 eos

248 2905 299 2986 qui
323 2903 405 2967 domi
427 2904 500 2967 Laeti
524 2905 645 2968 lucrant
663 2910 698 2983 ¹⁰,
721 2894 753 2967 in
774 2906 883 2970 eadem
899 2906 1096 2984 condicione,
1121 2911 1266 2987 quantum
1279 2923 1360 2987 prae

248 3015 416 3078 civitatium
439 3034 464 3079 s.
479 3012 582 3079 'rerum
603 3014 792 3097 publicarum
809 3017 1062 3080 Germanicarum
1085 3017 1267 3098 imperiique
1287 3016 1360 3080 Ro-
1453 3084 1456 3089 ,

249 3127 331 3192 muni
353 3127 531 3190 diversitate
553 3126 619 3189 lieri
642 3145 735 3208 posse
758 3127 925 3208 videretur,
949 3128 1038 3191 etiam
1060 3133 1239 3209 postquam
1261 3124 1359 3190 iidem

247 3237 337 3302 huius
361 3237 480 3318 imperii
504 3236 617 3300 subditi
642 3236 714 3299 facti
736 3242 834 3315 erant,
859 3238 1013 3299 tenebant.
1057 3235 1274 3299 Intermediam
1297 3254 1360 3299 au·
1453 3222 1458 3235 ’

249 3354 310 3410 tem
334 3345 595 3409 interliberorum
612 3345 766 3408 homiuum
789 3364 1011 3427 servorumque
1033 3344 1251 3409 condicionem
1275 3343 1360 3426 apud

250 3456 380 3538 Scythas
405 3474 513 3519 omnes
539 3473 603 3518 non
634 3457 774 3518 novimus
792 3463 825 3533 ¹¹,
852 3473 952 3537 noque
982 3456 1061 3538 apud
1085 3456 1248 3537 Scythicos
1278 3455 1359 3519 istos

356 3670 376 3740 ¹)
398 3666 437 3718 Ol.
452 3667 530 3718 etiam
551 3681 577 3734 p.
590 3667 664 3719 727⁴.
781 3669 803 3741 ¹)
824 3666 927 3735 Duplex
947 3666 1061 3734 Zumptii
1080 3682 1105 3734 p.
1117 3664 1161 3720 64.
1171 3681 1210 3733 sq.
1221 3679 1296 3717 error
1317 3670 1361 3718 ast

251 3762 402 3826 scribentis,
422 3765 448 3813 in
471 3762 571 3815 ll'otitiu
590 3764 674 3815 Lartos
693 3767 796 3816 Suevos
816 3764 966 3828 memorari,
986 3765 1088 3815 Suevos
1100 3762 1219 3818 Gentiles
1232 3778 1286 3814 non
1298 3779 1359 3816 mc-

252 3862 356 3911 morari.
460 3862 481 3932 ⁹)
502 3861 714 3913 Annalfltub.
731 3862 854 3914 cfctiam
872 3859 1146 3915 procuraturus.
1253 3867 1286 3930 ¹⁰)
1307 3861 1361 3913 vix

252 3971 318 4023 opus
338 3957 388 4007 erit
408 3971 516 4008 monere
538 3955 604 4008 baec
626 3958 652 4007 in
673 3960 824 4011 universnm
845 3958 912 4008 dicti:
940 3973 999 4009 nam
1018 3957 1044 4009 id
1063 3965 1177 4022 tanturn,
1197 3955 1281 4026 longe
1299 3972 1361 4010 ma.

254 4056 336 4107 iorem
356 4069 447 4105 eorum
468 4061 567 4121 partem
593 4056 637 4122 qui
656 4054 689 4106 ab
709 4058 786 4106 initio
806 4056 909 4107 lnticae
928 4057 954 4106 in
975 4057 1085 4122 imperio
1106 4051 1362 4107 Romcoudicioni·

252 4152 370 4214 inerunt,
391 4159 469 4204 autea
488 4150 557 4202 domi
578 4166 683 4220 quoque
703 4153 786 4205 Latos
808 4153 892 4206 luisse
911 4152 1047 4206 ullirmcm.
1172 4154 1204 4224 ¹¹)
1222 4150 1288 4203 llam
1306 4149 1362 4205 hnc

255 4265 305 4302 nec
334 4249 485 4301 llerodotea
511 4247 668 4315 Scytharum
693 4252 834 4319 tripartitio
863 4250 1028 4323 (ἀροτῆρες,
1049 4254 1190 4323 γεωργοί,
1210 4247 1362 4322 νομάδες),

257 4362 346 4416 nequa
368 4346 503 4399 Strabonis
524 4345 571 4399 illa
590 4349 733 4424 (νομάδες,
757 4359 897 4418 σκηνῖται,
917 4352 1053 4423 γεωργοί)
1072 4347 1216 4415 pertinent.
1241 4344 1291 4399 aed
1309 4360 1363 4403 noo
1457 4401 1458 4406 ,
