2918 4914
356 384 586 456 memmae.
620 396 661 451 no
687 394 755 451 aa
777 379 1049 469 manmena.
1165 371 1257 460 bat*

153 532 1220 547 ——--————-—-—-—-———--—-—-—-.·—--—-—-—
1230 538 1259 551 -.

159 598 283 663 omnino
303 600 538 682 praeterierunt.
582 598 736 664 bibinen
758 602 832 665 satis
856 602 1015 685 probabile
1032 620 1103 668 esse
1124 590 1256 684 tilletum,

155 709 216 772 boe
239 709 429 774 Praesidium
458 711 545 791 quasi
571 711 604 772 in
625 709 770 774 umbilico
800 710 931 805 insulae¹
945 713 1151 795 praetendunt
1174 724 1256 793 esse,

158 834 225 882 eum
250 827 352 885 cetera
378 821 505 886 castella
529 820 642 902 omnia,
666 827 816 904 ¹quotquot
836 822 896 887 boc
920 824 1020 905 eapite
1044 826 1257 903 recensentur,

153 923 447 1012 septentrionalibus
468 932 653 997 dioeceseos
682 932 819 1014 partibus
854 932 1059 997 adscribenda
1086 935 1165 1013 sint,
1197 933 1258 996 mi*

152 1056 271 1122 nosque
293 1040 436 1124 displicet
457 1042 540 1123 quod
555 1043 726 1125 Sprunerus
750 1042 835 1125 iecit,
850 1040 1042 1107 Praetorium
1064 1042 1257 1106 incomitata

152 1144 342 1216 Eburaeensi
363 1146 480 1216 llllnt.
497 1171 526 1234 p.
536 1151 609 1217 464.
622 1152 709 1232 466„
729 1152 886 1235 plerisque
906 1154 972 1217 iere
987 1140 1128 1217 omnibus
1142 1166 1259 1216 recen-

153 1260 283 1325 tioribus
305 1280 373 1325 cum
388 1261 544 1326 Camdeno
567 1268 598 1326 et
615 1261 721 1342 Galeo,
744 1269 831 1327 reete
855 1269 939 1345 puto,
966 1263 1153 1344 Potrioptom
1167 1256 1257 1327 biatm
1398 1257 1401 1261 ’

151 1372 241 1433 inerte
255 1366 403 1453 Kinpston
423 1390 506 1452 upon
516 1371 599 1452 linit,
616 1373 684 1438 aliis
705 1372 860 1453 limacea,
880 1374 947 1438 aliis
959 1371 1182 1454 Ptomboroapb
1199 1360 1257 1451 (el.

153 1480 273 1545 llassel.
288 1498 317 1563 p.
328 1480 400 1546 296.
415 1491 496 1564 sp),
520 1501 587 1547 eum
609 1483 767 1547 Praesidio
790 1483 922 1548 eundem
943 1483 1045 1548 locum
1067 1483 1165 1548 titisse
1186 1468 1258 1563 opi-

151 1591 230 1654 nari.
256 1591 296 1655 ct.
311 1592 392 1656 inira
404 1590 443 1654 ad
453 1593 498 1670 ii.
510 1592 560 1656 ab.
574 1608 620 1674 sq.
643 1590 821 1675 Patrioptoa
836 1593 992 1657 Gortonus
1014 1593 1091 1657 dicit
1112 1599 1183 1656 esse
1196 1600 1258 1671 „aa

151 1700 274 1763 ancient
296 1702 414 1765 moriat
432 1709 513 1765 toron
541 1702 604 1766 aad
619 1702 732 1784 parisi
752 1703 786 1765 io
808 1702 857 1765 tbe
880 1704 970 1766 aoetb
997 1687 1191 1782 divisiones
1208 1699 1258 1762 tit

152 1811 334 1892 mopeotolre
354 1812 393 1893 of
407 1811 612 1893 liolderoess,
634 1812 769 1877 sitooted
789 1831 829 1875 oo
851 1832 872 1875 o
894 1812 1012 1875 broocb
1034 1812 1072 1893 of
1088 1811 1139 1873 tbe
1158 1798 1257 1873 dms-

128 1916 224 2002 ber,
246 1920 349 1985 coicere
371 1941 393 1986 o
420 1923 510 1986 creelr
537 1925 635 2005 tomos
664 1942 685 1986 o
714 1922 788 1986 lind
816 1924 855 2005 of
868 1913 969 1986 bacea
996 1923 1050 2004 for
1071 1919 1254 2001 smatleamtt,

152 2030 252 2096 wbicb
274 2051 390 2114 concep
410 2052 486 2096 com
509 2039 539 2096 to
561 2031 634 2096 liott
654 2034 718 2097 aad
737 2032 873 2111 london,
893 2033 957 2097 ond
972 2033 1086 2113 impert
1105 2031 1174 2094 tine
1194 2029 1259 2092 cad

152 2144 223 2207 coci
241 2144 324 2224 [rom
343 2144 393 2207 tite
410 2142 493 2208 West
511 2143 632 2225 Ridinp.
645 2152 682 2206 β.
706 2145 893 2208 monendum
915 2149 1015 2207 autem
1037 2149 1086 2206 est
1107 2141 1256 2237 Praetorii

154 2254 337 2334 (Praesidii)
358 2274 471 2319 nomen
500 2256 530 2317 in
555 2254 763 2337 Spruneriana
787 2254 848 2317 tab.
866 2272 978 2337 geogr.
993 2270 1154 2336 perperam
1174 2250 1257 2315 inter

151 2364 281 2429 lindum
305 2365 465 2445 (meola)
495 2372 525 2429 et
556 2365 606 2428 Ad
623 2364 723 2428 Abom
744 2373 856 2447 (prope
876 2364 1011 2443 Borton)
1041 2366 1073 2427 in
1101 2362 1255 2428 coritanis

152 2477 284 2558 positum
307 2495 389 2556 esse,
414 2494 482 2539 cum
506 2476 544 2539 ad
567 2474 807 2556 septentrionale
823 2474 884 2539 Abi
900 2472 1065 2553 (Hamber)
1086 2472 1199 2536 illitus
1221 2473 1253 2535 ln

152 2587 327 2650 Parisorum
348 2586 459 2651 linibus
481 2586 519 2649 ab
544 2585 613 2649 aliis
631 2586 773 2649 omnibus
794 2591 881 2650 recte
895 2589 1068 2666 quaeratur.
1112 2583 1254 2648 deterunt

148 2697 266 2761 'frustra
289 2696 422 2761 Wessel.
435 2695 476 2760 ad
496 2692 855 2777 lt.Ant.p.464.contra
879 2695 989 2757 iustam
1011 2692 1156 2758 camdeni
1180 2708 1255 2757 sen-

151 2806 278 2870 tentiam
296 2806 393 2871 verba
416 2807 499 2888 iecit,
524 2811 558 2869 ut
579 2806 807 2870 demonstraret
826 2804 921 2869 verba
944 2804 1074 2868 adimite
1095 2809 1181 2869 recta
1197 2820 1257 2868 ex·

151 2916 261 2997 plicari
282 2918 421 2999 potuisse
443 2917 464 2980 i.
479 2936 505 2980 e.
526 2935 547 2980 o
565 2916 667 2979 coilo:
695 2900 807 2980 rollum
832 2916 997 2994 (Hadriani
1018 2927 1138 2993 murus)
1160 2902 1256 2978 tolum

151 3026 232 3091 intra
261 3027 388 3091 limitem
418 3027 491 3092 luit:
520 3026 617 3091 verba
638 3028 659 3090 i.
676 3046 703 3091 e.
720 3045 742 3089 o
764 3026 847 3090 cotto
870 3027 908 3090 ab
933 3025 1094 3107 imperito,
1117 3024 1255 3106 quamvis

152 3138 277 3219 antiquo
300 3136 428 3202 librario
451 3135 551 3201 sciolo
573 3143 677 3202 assuta
698 3143 779 3201 suut.

238 3285 276 3296 -
297 3248 326 3324 i.
350 3247 395 3326 3.]
430 3246 671 3327 Crippionorum
691 3244 728 3310 e.
778 3243 974 3310 Pancirolus:
1001 3242 1186 3325 „Crispiana
1208 3246 1257 3308 est

149 3356 328 3421 Pannoniae
351 3356 540 3438 [Secundae]
564 3356 708 3439 oppidum
730 3355 810 3438 apud
832 3353 1024 3419 itinerarium
1036 3355 1160 3434 [Antp.
1171 3351 1255 3434 act„

153 3468 192 3530 ab
207 3467 372 3531 Arrabona
395 3464 479 3530 XXV
489 3466 528 3530 bl.
537 3466 567 3529 P.
584 3467 774 3547 totidemque
795 3486 813 3530 a
829 3464 1011 3529 Cimbrianis
1032 3466 1183 3534 remotum
1195 3462 1254 3541 (cl.

152 3576 192 3639 ad
204 3595 233 3658 p.
245 3575 312 3642 98⁴.
324 3577 352 3653 i.
362 3576 392 3640 9.
407 3582 438 3641 et
457 3575 496 3641 ad
514 3576 583 3641 Not.
600 3576 653 3644 Or.
666 3594 695 3658 p.
703 3576 777 3640 466.
789 3581 852 3638 not.
864 3572 943 3654 33.),
956 3573 1039 3638 uude
1050 3570 1254 3639 llannertilll.

150 3704 179 3768 p.
194 3686 267 3751 681.
280 3705 327 3770 sq.
339 3687 418 3769 apud
442 3687 515 3751 bod.
532 3687 634 3750 vicum
649 3684 792 3767 Surioop
812 3687 894 3750 inter
915 3685 1056 3749 civitates
1078 3683 1257 3749 Smblaoeis·

149 3795 286 3879 seaborp
312 3803 342 3861 et
363 3795 454 3859 Roob
475 3797 685 3878 quaerendum
711 3802 938 3877 essecenset1,
959 3814 977 3860 a
1002 3808 1063 3878 quo
1085 3795 1116 3858 bi
1141 3800 1267 3877 potue»,
1344 3802 1351 3813 '

150 3913 223 3971 runt
244 3906 448 3971 denominari.
481 3906 537 3970 sed
569 3908 650 3971 sorte
671 3907 838 3990 legendum
859 3905 1110 3987 Crepstimomm,
1140 3905 1192 3987 apri
1221 3904 1255 3968 i'n

149 4018 266 4082 scheda
288 4017 410 4082 Volseri
430 4017 463 4095 [i.
478 4036 505 4081 e.
519 4018 592 4081 Tab.
607 4018 688 4082 Peut.
703 4018 771 4081 LA
793 4017 846 4080 ubi
869 4017 951 4080 inter
976 4016 1105 4081 confuse
1124 4015 1255 4098 partim·-

151 4145 210 4210 quc
228 4144 390 4211 perperam
413 4128 527 4211 scripta
544 4128 797 4192 Germanicorum
818 4126 998 4208 populorum
1020 4125 1145 4219 nomina
1163 4123 1254 4189 etiam

150 4244 327 4320 corruptum
352 4255 466 4303 nomen
489 4261 661 4303 canensrmr
682 4239 749 4301 sive
771 4237 873 4319 potius
895 4260 1055 4303 nnrrsrmr
1078 4234 1143 4319 legi
1161 4244 1255 4316 posse

149 4348 286 4431 videtur]
316 4349 419 4432 populi
444 4355 515 4414 sunt
545 4366 562 4413 e
592 4350 724 4434 regione
753 4348 932 4415 Dorilauiao
961 4348 992 4427 [t
1002 4346 1193 4428 Britanniae]
1221 4343 1253 4409 io
