<?xml version="1.0" encoding="UTF-8"?>
<!DOCTYPE html PUBLIC "-//W3C//DTD XHTML 1.0 Transitional//EN"
    "http://www.w3.org/TR/xhtml1/DTD/xhtml1-transitional.dtd">
<html xmlns="http://www.w3.org/1999/xhtml" xml:lang="en" lang="en">
 <head>
  <title>
</title>
<meta http-equiv="Content-Type" content="text/html;charset=utf-8" />
  <meta name='ocr-system' content='tesseract 3.04.00' />
  <meta name='ocr-capabilities' content='ocr_page ocr_carea ocr_par ocr_line ocrx_word'/>
</head>
<body>
  <div class='ocr_page' id='page_1' title='image "./notitiadignitat01bcgoog_0651.png"; bbox 0 0 2918 4914; ppageno 0'>
   <div class='ocr_carea' id='block_1_1' title="bbox 172 236 1404 355">
    <p class='ocr_par' dir='ltr' id='par_1_1' title="bbox 172 236 1404 355">
     <span class='ocr_line' id='line_1_1' title="bbox 172 236 1404 355; baseline 0.002 -72"><span class='ocrx_word' id='word_1_1' title='bbox 172 236 1404 355; x_wconf 42' lang='lat' dir='ltr'><strong>“w—w*</strong></span> 
     </span>
    </p>
   </div>
   <div class='ocr_carea' id='block_1_2' title="bbox 256 388 1356 466">
    <p class='ocr_par' dir='ltr' id='par_1_2' title="bbox 256 388 1356 466">
     <span class='ocr_line' id='line_1_2' title="bbox 256 388 1356 466; baseline 0 -3"><span class='ocrx_word' id='word_1_2' title='bbox 256 388 1356 466; x_wconf 59' lang='lat' dir='ltr'><strong>1182*maoraanonoccmnxnn.commonuissemus»</strong></span> 
     </span>
    </p>
   </div>
   <div class='ocr_carea' id='block_1_3' title="bbox 158 610 1358 3554">
    <p class='ocr_par' dir='ltr' id='par_1_3' title="bbox 252 610 1358 694">
     <span class='ocr_line' id='line_1_3' title="bbox 252 610 1358 694; baseline -0.001 -20"><span class='ocrx_word' id='word_1_3' title='bbox 252 611 320 675; x_wconf 90' lang='lat' dir='ltr'><strong>aliis</strong></span> <span class='ocrx_word' id='word_1_4' title='bbox 354 612 494 675; x_wconf 92' lang='lat' dir='ltr'><strong>omnibus</strong></span> <span class='ocrx_word' id='word_1_5' title='bbox 524 612 702 676; x_wconf 91' lang='lat' dir='ltr'><strong>Praesidum</strong></span> <span class='ocrx_word' id='word_1_6' title='bbox 731 611 899 694; x_wconf 80' lang='lat' dir='ltr'><strong>generibus</strong></span> <span class='ocrx_word' id='word_1_7' title='bbox 938 628 1001 673; x_wconf 95' lang='lat' dir='ltr'><strong>non</strong></span> <span class='ocrx_word' id='word_1_8' title='bbox 1030 611 1170 674; x_wconf 88' lang='lat' dir='ltr'><strong>similiter</strong></span> <span class='ocrx_word' id='word_1_9' title='bbox 1199 611 1241 674; x_wconf 88' lang='lat' dir='ltr'><strong>tlt.</strong></span> <span class='ocrx_word' id='word_1_10' title='bbox 1280 610 1358 673; x_wconf 89' lang='lat' dir='ltr'><strong>item</strong></span> 
     </span>
    </p>

    <p class='ocr_par' dir='ltr' id='par_1_4' title="bbox 177 721 1358 1022">
     <span class='ocr_line' id='line_1_4' title="bbox 177 721 1357 809; baseline 0.001 -25"><span class='ocrx_word' id='word_1_11' title='bbox 177 800 180 809; x_wconf 29' lang='grc' dir='ltr'>Ι</span> <span class='ocrx_word' id='word_1_12' title='bbox 252 722 389 785; x_wconf 80' lang='lat' dir='ltr'>concinit</span> <span class='ocrx_word' id='word_1_13' title='bbox 418 722 646 803; x_wconf 86' lang='lat' dir='ltr'><strong>antiquissimus</strong></span> <span class='ocrx_word' id='word_1_14' title='bbox 677 722 902 785; x_wconf 88' lang='lat' dir='ltr'><strong>huiuscemodi</strong></span> <span class='ocrx_word' id='word_1_15' title='bbox 926 721 1144 785; x_wconf 87' lang='lat' dir='ltr'><strong>Correetorum</strong></span> <span class='ocrx_word' id='word_1_16' title='bbox 1166 721 1357 785; x_wconf 86' lang='lat' dir='ltr'><strong>mentionem</strong></span> 
     </span>
     <span class='ocr_line' id='line_1_5' title="bbox 177 825 1356 913; baseline 0.005 -24"><span class='ocrx_word' id='word_1_17' title='bbox 177 825 181 889; x_wconf 96' lang='grc' dir='ltr'>Ι</span> <span class='ocrx_word' id='word_1_18' title='bbox 251 832 370 895; x_wconf 88' lang='lat' dir='ltr'><strong>faciens</strong></span> <span class='ocrx_word' id='word_1_19' title='bbox 392 832 548 912; x_wconf 78' lang='lat' dir='ltr'><strong>Papiniani</strong></span> <span class='ocrx_word' id='word_1_20' title='bbox 570 832 659 895; x_wconf 89' lang='lat' dir='ltr'><strong>loeus</strong></span> <span class='ocrx_word' id='word_1_21' title='bbox 672 837 694 911; x_wconf 83' lang='lat'><strong>⁵,</strong></span> <span class='ocrx_word' id='word_1_22' title='bbox 718 833 750 896; x_wconf 85' lang='lat' dir='ltr'><strong>L.</strong></span> <span class='ocrx_word' id='word_1_23' title='bbox 760 831 810 894; x_wconf 75' lang='grc'><strong>00.</strong></span> <span class='ocrx_word' id='word_1_24' title='bbox 821 831 857 893; x_wconf 89' lang='lat' dir='ltr'><strong>D.</strong></span> <span class='ocrx_word' id='word_1_25' title='bbox 869 831 908 894; x_wconf 92' lang='lat' dir='ltr'><strong>de</strong></span> <span class='ocrx_word' id='word_1_26' title='bbox 924 830 975 893; x_wconf 84' lang='lat' dir='ltr'><strong>off.</strong></span> <span class='ocrx_word' id='word_1_27' title='bbox 993 850 1093 912; x_wconf 89' lang='lat' dir='ltr'><strong>praes.</strong></span> <span class='ocrx_word' id='word_1_28' title='bbox 1106 832 1127 893; x_wconf 90' lang='lat' dir='ltr'><strong>l.</strong></span> <span class='ocrx_word' id='word_1_29' title='bbox 1140 832 1189 895; x_wconf 88' lang='grc'><strong>18.</strong></span> <span class='ocrx_word' id='word_1_30' title='bbox 1202 832 1356 913; x_wconf 78' lang='lat' dir='ltr'><strong>,Legatos</strong></span> 
     </span>
     <span class='ocr_line' id='line_1_6' title="bbox 252 940 1358 1022; baseline 0 -19"><span class='ocrx_word' id='word_1_31' title='bbox 252 940 406 1021; x_wconf 77' lang='lat' dir='ltr'><strong>Caesaris,</strong></span> <span class='ocrx_word' id='word_1_32' title='bbox 428 943 448 1004; x_wconf 90' lang='lat' dir='ltr'><strong>i.</strong></span> <span class='ocrx_word' id='word_1_33' title='bbox 462 962 489 1004; x_wconf 92' lang='lat' dir='ltr'><strong>e.</strong></span> <span class='ocrx_word' id='word_1_34' title='bbox 509 941 638 1005; x_wconf 88' lang='lat' dir='ltr'><strong>Praeses</strong></span> <span class='ocrx_word' id='word_1_35' title='bbox 661 940 710 1005; x_wconf 84' lang='lat' dir='ltr'><strong>vel</strong></span> <span class='ocrx_word' id='word_1_36' title='bbox 735 942 902 1004; x_wconf 88' lang='lat' dir='ltr'><strong>Correetor</strong></span> <span class='ocrx_word' id='word_1_37' title='bbox 921 941 1100 1022; x_wconf 87' lang='lat' dir='ltr'><strong>provinciae</strong></span> <span class='ocrx_word' id='word_1_38' title='bbox 1122 940 1301 1004; x_wconf 89' lang='lat' dir='ltr'><strong>abdicando</strong></span> <span class='ocrx_word' id='word_1_39' title='bbox 1320 957 1358 1004; x_wconf 87' lang='lat' dir='ltr'><strong>so</strong></span> 
     </span>
    </p>

    <p class='ocr_par' dir='ltr' id='par_1_5' title="bbox 189 1045 1358 1570">
     <span class='ocr_line' id='line_1_7' title="bbox 189 1045 1356 1133; baseline 0.004 -25"><span class='ocrx_word' id='word_1_40' title='bbox 189 1102 193 1108; x_wconf 85' lang='lat'>.</span> <span class='ocrx_word' id='word_1_41' title='bbox 250 1069 314 1113; x_wconf 92' lang='lat' dir='ltr'><strong>nou</strong></span> <span class='ocrx_word' id='word_1_42' title='bbox 350 1045 457 1115; x_wconf 91' lang='lat' dir='ltr'><strong>amittit</strong></span> <span class='ocrx_word' id='word_1_43' title='bbox 493 1052 681 1133; x_wconf 85' lang='lat' dir='ltr'><strong>imperium“.</strong></span> <span class='ocrx_word' id='word_1_44' title='bbox 737 1051 841 1127; x_wconf 83' lang='lat' dir='ltr'><strong>Quid?</strong></span> <span class='ocrx_word' id='word_1_45' title='bbox 871 1051 953 1132; x_wconf 81' lang='lat' dir='ltr'><strong>quod</strong></span> <span class='ocrx_word' id='word_1_46' title='bbox 989 1050 1233 1117; x_wconf 86' lang='lat' dir='ltr'><strong>extraordinaria</strong></span> <span class='ocrx_word' id='word_1_47' title='bbox 1263 1067 1356 1132; x_wconf 85' lang='lat' dir='ltr'><strong>quam</strong></span> 
     </span>
     <span class='ocr_line' id='line_1_8' title="bbox 251 1160 1357 1242; baseline 0.001 -20"><span class='ocrx_word' id='word_1_48' title='bbox 251 1160 399 1241; x_wconf 90' lang='lat' dir='ltr'><strong>indicavi,</strong></span> <span class='ocrx_word' id='word_1_49' title='bbox 426 1162 641 1227; x_wconf 87' lang='lat' dir='ltr'><strong>Correetorum</strong></span> <span class='ocrx_word' id='word_1_50' title='bbox 662 1163 700 1225; x_wconf 91' lang='lat' dir='ltr'><strong>ab</strong></span> <span class='ocrx_word' id='word_1_51' title='bbox 724 1162 810 1224; x_wconf 90' lang='lat' dir='ltr'><strong>initio</strong></span> <span class='ocrx_word' id='word_1_52' title='bbox 834 1160 1050 1224; x_wconf 88' lang='lat' dir='ltr'><strong>mittendorum</strong></span> <span class='ocrx_word' id='word_1_53' title='bbox 1075 1162 1154 1225; x_wconf 90' lang='lat' dir='ltr'><strong>ratio</strong></span> <span class='ocrx_word' id='word_1_54' title='bbox 1177 1161 1210 1223; x_wconf 90' lang='lat' dir='ltr'><strong>id</strong></span> <span class='ocrx_word' id='word_1_55' title='bbox 1231 1177 1357 1242; x_wconf 79' lang='lat' dir='ltr'><strong>quoque</strong></span> 
     </span>
     <span class='ocr_line' id='line_1_9' title="bbox 250 1270 1358 1352; baseline 0.001 -19"><span class='ocrx_word' id='word_1_56' title='bbox 250 1272 407 1352; x_wconf 88' lang='lat' dir='ltr'><strong>explicare</strong></span> <span class='ocrx_word' id='word_1_57' title='bbox 437 1272 589 1351; x_wconf 89' lang='lat' dir='ltr'><strong>videatur,</strong></span> <span class='ocrx_word' id='word_1_58' title='bbox 622 1272 724 1352; x_wconf 86' lang='lat' dir='ltr'><strong>quod,</strong></span> <span class='ocrx_word' id='word_1_59' title='bbox 756 1272 894 1352; x_wconf 81' lang='lat' dir='ltr'><strong>quamvis</strong></span> <span class='ocrx_word' id='word_1_60' title='bbox 927 1292 944 1334; x_wconf 91' lang='lat' dir='ltr'><strong>a</strong></span> <span class='ocrx_word' id='word_1_61' title='bbox 977 1272 1100 1334; x_wconf 90' lang='lat' dir='ltr'><strong>nemine</strong></span> <span class='ocrx_word' id='word_1_62' title='bbox 1130 1270 1231 1335; x_wconf 91' lang='lat' dir='ltr'><strong>adbuc</strong></span> <span class='ocrx_word' id='word_1_63' title='bbox 1263 1287 1358 1352; x_wconf 84' lang='lat' dir='ltr'><strong>quern</strong></span> 
     </span>
     <span class='ocr_line' id='line_1_10' title="bbox 251 1378 1357 1463; baseline 0.001 -22"><span class='ocrx_word' id='word_1_64' title='bbox 251 1381 360 1458; x_wconf 90' lang='lat' dir='ltr'><strong>sciam,</strong></span> <span class='ocrx_word' id='word_1_65' title='bbox 386 1380 601 1459; x_wconf 87' lang='lat' dir='ltr'><strong>observatum,</strong></span> <span class='ocrx_word' id='word_1_66' title='bbox 630 1387 736 1446; x_wconf 88' lang='lat' dir='ltr'><strong>tamen</strong></span> <span class='ocrx_word' id='word_1_67' title='bbox 766 1382 934 1445; x_wconf 89' lang='lat' dir='ltr'><strong>observatu</strong></span> <span class='ocrx_word' id='word_1_68' title='bbox 963 1381 1052 1444; x_wconf 88' lang='lat' dir='ltr'><strong>valde</strong></span> <span class='ocrx_word' id='word_1_69' title='bbox 1081 1382 1206 1463; x_wconf 84' lang='lat' dir='ltr'><strong>dignum</strong></span> <span class='ocrx_word' id='word_1_70' title='bbox 1229 1385 1301 1459; x_wconf 88' lang='lat' dir='ltr'><strong>est,</strong></span> <span class='ocrx_word' id='word_1_71' title='bbox 1325 1378 1357 1442; x_wconf 83' lang='lat' dir='ltr'><strong>id</strong></span> 
     </span>
     <span class='ocr_line' id='line_1_11' title="bbox 251 1489 1358 1570; baseline 0.003 -20"><span class='ocrx_word' id='word_1_72' title='bbox 251 1489 385 1570; x_wconf 87' lang='lat' dir='ltr'><strong>inquam,</strong></span> <span class='ocrx_word' id='word_1_73' title='bbox 411 1491 491 1570; x_wconf 86' lang='lat' dir='ltr'><strong>quod</strong></span> <span class='ocrx_word' id='word_1_74' title='bbox 516 1492 720 1554; x_wconf 74' lang='lat' dir='ltr'>correctores</span> <span class='ocrx_word' id='word_1_75' title='bbox 743 1510 850 1555; x_wconf 88' lang='lat' dir='ltr'><strong>omnes</strong></span> <span class='ocrx_word' id='word_1_76' title='bbox 875 1492 931 1554; x_wconf 93' lang='lat' dir='ltr'><strong>sub</strong></span> <span class='ocrx_word' id='word_1_77' title='bbox 954 1492 1044 1553; x_wconf 91' lang='lat' dir='ltr'><strong>unius</strong></span> <span class='ocrx_word' id='word_1_78' title='bbox 1068 1490 1137 1553; x_wconf 89' lang='lat' dir='ltr'><strong>dum</strong></span> <span class='ocrx_word' id='word_1_79' title='bbox 1149 1495 1232 1553; x_wconf 71' lang='lat' dir='ltr'><strong>unat</strong></span> <span class='ocrx_word' id='word_1_80' title='bbox 1253 1489 1358 1554; x_wconf 91' lang='lat' dir='ltr'><strong>maio-</strong></span> 
     </span>
    </p>

    <p class='ocr_par' dir='ltr' id='par_1_6' title="bbox 244 1599 1358 2564">
     <span class='ocr_line' id='line_1_12' title="bbox 249 1599 1358 1682; baseline 0.003 -21"><span class='ocrx_word' id='word_1_81' title='bbox 249 1600 293 1662; x_wconf 89' lang='lat' dir='ltr'><strong>ris</strong></span> <span class='ocrx_word' id='word_1_82' title='bbox 316 1602 477 1680; x_wconf 90' lang='lat' dir='ltr'><strong>potestatis</strong></span> <span class='ocrx_word' id='word_1_83' title='bbox 499 1601 703 1682; x_wconf 85' lang='lat' dir='ltr'><strong>dispositione</strong></span> <span class='ocrx_word' id='word_1_84' title='bbox 724 1602 857 1680; x_wconf 89' lang='lat' dir='ltr'><strong>fuerunt,</strong></span> <span class='ocrx_word' id='word_1_85' title='bbox 877 1602 948 1664; x_wconf 91' lang='lat' dir='ltr'><strong>dum</strong></span> <span class='ocrx_word' id='word_1_86' title='bbox 965 1599 1151 1665; x_wconf 88' lang='lat' dir='ltr'><strong>Consulares</strong></span> <span class='ocrx_word' id='word_1_87' title='bbox 1173 1599 1358 1664; x_wconf 85' lang='lat' dir='ltr'><strong>Praesides·</strong></span> 
     </span>
     <span class='ocr_line' id='line_1_13' title="bbox 249 1710 1357 1794; baseline 0 -21"><span class='ocrx_word' id='word_1_88' title='bbox 249 1726 321 1791; x_wconf 86' lang='lat' dir='ltr'><strong>que,</strong></span> <span class='ocrx_word' id='word_1_89' title='bbox 341 1710 368 1773; x_wconf 90' lang='lat' dir='ltr'><strong>si</strong></span> <span class='ocrx_word' id='word_1_90' title='bbox 391 1730 446 1774; x_wconf 88' lang='lat' dir='ltr'><strong>eos</strong></span> <span class='ocrx_word' id='word_1_91' title='bbox 471 1713 626 1792; x_wconf 84' lang='lat' dir='ltr'><strong>excipias,</strong></span> <span class='ocrx_word' id='word_1_92' title='bbox 650 1715 701 1793; x_wconf 87' lang='lat' dir='ltr'><strong>qui</strong></span> <span class='ocrx_word' id='word_1_93' title='bbox 725 1732 781 1794; x_wconf 90' lang='lat' dir='ltr'><strong>per</strong></span> <span class='ocrx_word' id='word_1_94' title='bbox 804 1713 955 1794; x_wconf 82' lang='lat' dir='ltr'><strong>illyricum</strong></span> <span class='ocrx_word' id='word_1_95' title='bbox 979 1710 1173 1775; x_wconf 89' lang='lat' dir='ltr'><strong>occidentale</strong></span> <span class='ocrx_word' id='word_1_96' title='bbox 1194 1715 1357 1790; x_wconf 86' lang='lat' dir='ltr'><strong>rexerunt,</strong></span> 
     </span>
     <span class='ocr_line' id='line_1_14' title="bbox 254 1819 1356 1901; baseline 0.001 -20"><span class='ocrx_word' id='word_1_97' title='bbox 254 1836 362 1883; x_wconf 90' lang='lat' dir='ltr'><strong>omnes</strong></span> <span class='ocrx_word' id='word_1_98' title='bbox 387 1819 443 1882; x_wconf 89' lang='lat' dir='ltr'><strong>sub</strong></span> <span class='ocrx_word' id='word_1_99' title='bbox 465 1822 705 1901; x_wconf 86' lang='lat' dir='ltr'><strong>propraefectis,</strong></span> <span class='ocrx_word' id='word_1_100' title='bbox 732 1823 864 1885; x_wconf 88' lang='lat' dir='ltr'><strong>Vicariis</strong></span> <span class='ocrx_word' id='word_1_101' title='bbox 888 1821 1077 1885; x_wconf 83' lang='lat' dir='ltr'><strong>dioeceseon</strong></span> <span class='ocrx_word' id='word_1_102' title='bbox 1105 1822 1173 1883; x_wconf 86' lang='lat' dir='ltr'><strong>sive</strong></span> <span class='ocrx_word' id='word_1_103' title='bbox 1193 1820 1356 1884; x_wconf 75' lang='lat' dir='ltr'><strong>Praefecto</strong></span> 
     </span>
     <span class='ocr_line' id='line_1_15' title="bbox 250 1930 1355 2014; baseline 0.003 -23"><span class='ocrx_word' id='word_1_104' title='bbox 250 1930 433 2014; x_wconf 74' lang='lat' dir='ltr'><strong>Augustali,</strong></span> <span class='ocrx_word' id='word_1_105' title='bbox 458 1938 580 2010; x_wconf 89' lang='lat' dir='ltr'><strong>esseut,</strong></span> <span class='ocrx_word' id='word_1_106' title='bbox 604 1938 637 1993; x_wconf 93' lang='lat' dir='ltr'><strong>ut</strong></span> <span class='ocrx_word' id='word_1_107' title='bbox 659 1932 689 1993; x_wconf 92' lang='lat' dir='ltr'><strong>bi</strong></span> <span class='ocrx_word' id='word_1_108' title='bbox 714 1932 771 1994; x_wconf 90' lang='lat' dir='ltr'><strong>sub</strong></span> <span class='ocrx_word' id='word_1_109' title='bbox 791 1950 915 1994; x_wconf 91' lang='lat' dir='ltr'><strong>suorum</strong></span> <span class='ocrx_word' id='word_1_110' title='bbox 938 1932 1166 1995; x_wconf 86' lang='lat' dir='ltr'><strong>Praefectorum</strong></span> <span class='ocrx_word' id='word_1_111' title='bbox 1195 1930 1355 2011; x_wconf 87' lang='lat' dir='ltr'><strong>praetorio</strong></span> 
     </span>
     <span class='ocr_line' id='line_1_16' title="bbox 251 2038 1354 2122; baseline -0.001 -20"><span class='ocrx_word' id='word_1_112' title='bbox 251 2038 464 2121; x_wconf 70' lang='lat' dir='ltr'><strong>dispositione.</strong></span> <span class='ocrx_word' id='word_1_113' title='bbox 490 2060 559 2104; x_wconf 89' lang='lat' dir='ltr'><strong>nam</strong></span> <span class='ocrx_word' id='word_1_114' title='bbox 578 2042 640 2104; x_wconf 94' lang='lat' dir='ltr'><strong>duo</strong></span> <span class='ocrx_word' id='word_1_115' title='bbox 657 2042 824 2106; x_wconf 90' lang='lat' dir='ltr'><strong>orientales</strong></span> <span class='ocrx_word' id='word_1_116' title='bbox 839 2042 1041 2105; x_wconf 91' lang='lat' dir='ltr'><strong>Correetores</strong></span> <span class='ocrx_word' id='word_1_117' title='bbox 1064 2043 1095 2103; x_wconf 91' lang='lat' dir='ltr'><strong>in</strong></span> <span class='ocrx_word' id='word_1_118' title='bbox 1118 2043 1186 2105; x_wconf 85' lang='lat' dir='ltr'><strong>Not.</strong></span> <span class='ocrx_word' id='word_1_119' title='bbox 1198 2041 1291 2122; x_wconf 72' lang='lat' dir='ltr'><strong>Onp.</strong></span> <span class='ocrx_word' id='word_1_120' title='bbox 1306 2041 1354 2105; x_wconf 91' lang='grc'><strong>10.</strong></span> 
     </span>
     <span class='ocr_line' id='line_1_17' title="bbox 249 2149 1356 2234; baseline 0 -22"><span class='ocrx_word' id='word_1_121' title='bbox 249 2149 307 2212; x_wconf 91' lang='lat' dir='ltr'><strong>sub</strong></span> <span class='ocrx_word' id='word_1_122' title='bbox 330 2150 533 2231; x_wconf 90' lang='lat' dir='ltr'><strong>dispositione</strong></span> <span class='ocrx_word' id='word_1_123' title='bbox 550 2152 701 2216; x_wconf 79' lang='lat' dir='ltr'><strong>Praefecti</strong></span> <span class='ocrx_word' id='word_1_124' title='bbox 717 2159 812 2234; x_wconf 89' lang='lat' dir='ltr'><strong>praet.</strong></span> <span class='ocrx_word' id='word_1_125' title='bbox 825 2152 960 2217; x_wconf 88' lang='lat' dir='ltr'><strong>Orientis</strong></span> <span class='ocrx_word' id='word_1_126' title='bbox 977 2169 1039 2214; x_wconf 95' lang='lat' dir='ltr'><strong>non</strong></span> <span class='ocrx_word' id='word_1_127' title='bbox 1056 2157 1265 2215; x_wconf 89' lang='lat' dir='ltr'><strong>memorantur</strong></span> <span class='ocrx_word' id='word_1_128' title='bbox 1281 2159 1356 2230; x_wconf 86' lang='lat' dir='ltr'><strong>(ap-</strong></span> 
     </span>
     <span class='ocr_line' id='line_1_18' title="bbox 249 2258 1355 2342; baseline -0.002 -19"><span class='ocrx_word' id='word_1_129' title='bbox 249 2266 338 2340; x_wconf 89' lang='lat' dir='ltr'><strong>paret</strong></span> <span class='ocrx_word' id='word_1_130' title='bbox 360 2278 389 2341; x_wconf 88' lang='lat' dir='ltr'><strong>p.</strong></span> <span class='ocrx_word' id='word_1_131' title='bbox 404 2260 450 2323; x_wconf 88' lang='grc'><strong>10.</strong></span> <span class='ocrx_word' id='word_1_132' title='bbox 469 2281 576 2325; x_wconf 91' lang='lat' dir='ltr'><strong>versus</strong></span> <span class='ocrx_word' id='word_1_133' title='bbox 591 2263 622 2324; x_wconf 81' lang='lat' dir='ltr'><strong>t.</strong></span> <span class='ocrx_word' id='word_1_134' title='bbox 639 2269 669 2324; x_wconf 90' lang='lat' dir='ltr'><strong>ct</strong></span> <span class='ocrx_word' id='word_1_135' title='bbox 687 2264 738 2326; x_wconf 73' lang='lat'><strong>22.</strong></span> <span class='ocrx_word' id='word_1_136' title='bbox 750 2262 816 2342; x_wconf 81' lang='lat'><strong>,[6]</strong></span> <span class='ocrx_word' id='word_1_137' title='bbox 832 2261 1113 2342; x_wconf 78' lang='lat' dir='ltr'><strong>Aupuatamnico.]“</strong></span> <span class='ocrx_word' id='word_1_138' title='bbox 1135 2266 1166 2324; x_wconf 92' lang='lat' dir='ltr'><strong>et</strong></span> <span class='ocrx_word' id='word_1_139' title='bbox 1185 2262 1275 2340; x_wconf 85' lang='lat'><strong>,[11]</strong></span> <span class='ocrx_word' id='word_1_140' title='bbox 1290 2258 1355 2321; x_wconf 87' lang='lat' dir='ltr'><strong>Po·</strong></span> 
     </span>
     <span class='ocr_line' id='line_1_19' title="bbox 244 2369 1353 2454; baseline 0.002 -24"><span class='ocrx_word' id='word_1_141' title='bbox 244 2369 444 2450; x_wconf 60' lang='grc' dir='ltr'><strong>ρΙιὶαροηίιι]α</strong></span> <span class='ocrx_word' id='word_1_142' title='bbox 468 2391 485 2434; x_wconf 88' lang='lat' dir='ltr'><strong>a</strong></span> <span class='ocrx_word' id='word_1_143' title='bbox 506 2393 554 2434; x_wconf 90' lang='lat' dir='ltr'><strong>me</strong></span> <span class='ocrx_word' id='word_1_144' title='bbox 573 2373 696 2436; x_wconf 89' lang='lat' dir='ltr'><strong>additos</strong></span> <span class='ocrx_word' id='word_1_145' title='bbox 719 2392 807 2451; x_wconf 86' lang='lat' dir='ltr'><strong>esse,</strong></span> <span class='ocrx_word' id='word_1_146' title='bbox 838 2390 915 2454; x_wconf 86' lang='lat' dir='ltr'><strong>quos</strong></span> <span class='ocrx_word' id='word_1_147' title='bbox 946 2390 1007 2434; x_wconf 92' lang='lat' dir='ltr'><strong>non</strong></span> <span class='ocrx_word' id='word_1_148' title='bbox 1031 2370 1149 2434; x_wconf 90' lang='lat' dir='ltr'><strong>addere</strong></span> <span class='ocrx_word' id='word_1_149' title='bbox 1172 2369 1353 2448; x_wconf 88' lang='lat' dir='ltr'><strong>debebam),</strong></span> 
     </span>
     <span class='ocr_line' id='line_1_20' title="bbox 247 2478 1351 2564; baseline -0.003 -21"><span class='ocrx_word' id='word_1_150' title='bbox 247 2480 304 2543; x_wconf 89' lang='lat' dir='ltr'><strong>sed</strong></span> <span class='ocrx_word' id='word_1_151' title='bbox 328 2489 515 2545; x_wconf 91' lang='lat' dir='ltr'><strong>memoratur</strong></span> <span class='ocrx_word' id='word_1_152' title='bbox 537 2483 780 2564; x_wconf 80' lang='lat' dir='ltr'><strong>Augustamnica</strong></span> <span class='ocrx_word' id='word_1_153' title='bbox 802 2483 860 2546; x_wconf 93' lang='lat' dir='ltr'><strong>sub</strong></span> <span class='ocrx_word' id='word_1_154' title='bbox 882 2483 1042 2546; x_wconf 88' lang='lat' dir='ltr'><strong>Praefecto</strong></span> <span class='ocrx_word' id='word_1_155' title='bbox 1064 2480 1228 2564; x_wconf 75' lang='lat' dir='ltr'><strong>Augustali</strong></span> <span class='ocrx_word' id='word_1_156' title='bbox 1243 2489 1290 2560; x_wconf 84' lang='lat' dir='ltr'><strong>(p.</strong></span> <span class='ocrx_word' id='word_1_157' title='bbox 1300 2478 1351 2543; x_wconf 82' lang='grc'><strong>58.</strong></span> 
     </span>
    </p>

    <p class='ocr_par' dir='ltr' id='par_1_7' title="bbox 173 2572 1352 2780">
     <span class='ocr_line' id='line_1_21' title="bbox 173 2572 1351 2681; baseline -0.001 -30"><span class='ocrx_word' id='word_1_158' title='bbox 173 2572 178 2681; x_wconf 64' lang='lat' dir='ltr'><strong>j</strong></span> <span class='ocrx_word' id='word_1_159' title='bbox 247 2589 274 2664; x_wconf 68' lang='lat' dir='ltr'><strong>d.</strong></span> <span class='ocrx_word' id='word_1_160' title='bbox 292 2589 341 2668; x_wconf 78' lang='lat' dir='ltr'><strong>t.)</strong></span> <span class='ocrx_word' id='word_1_161' title='bbox 360 2597 390 2653; x_wconf 89' lang='lat' dir='ltr'><strong>et</strong></span> <span class='ocrx_word' id='word_1_162' title='bbox 419 2591 596 2672; x_wconf 81' lang='lat' dir='ltr'><strong>Pallagonia</strong></span> <span class='ocrx_word' id='word_1_163' title='bbox 623 2593 679 2654; x_wconf 89' lang='lat' dir='ltr'><strong>sub</strong></span> <span class='ocrx_word' id='word_1_164' title='bbox 705 2593 828 2655; x_wconf 90' lang='lat' dir='ltr'><strong>Vicario</strong></span> <span class='ocrx_word' id='word_1_165' title='bbox 857 2591 1043 2656; x_wconf 88' lang='lat' dir='ltr'><strong>dioeceseos</strong></span> <span class='ocrx_word' id='word_1_166' title='bbox 1066 2590 1210 2654; x_wconf 88' lang='lat' dir='ltr'><strong>Ponticae</strong></span> <span class='ocrx_word' id='word_1_167' title='bbox 1233 2597 1281 2670; x_wconf 92' lang='lat' dir='ltr'><strong>(p.</strong></span> <span class='ocrx_word' id='word_1_168' title='bbox 1301 2588 1351 2652; x_wconf 81' lang='lat' dir='ltr'><strong>ot.</strong></span> 
     </span>
     <span class='ocr_line' id='line_1_22' title="bbox 248 2698 1352 2780; baseline 0.001 -19"><span class='ocrx_word' id='word_1_169' title='bbox 248 2698 276 2773; x_wconf 69' lang='lat' dir='ltr'><strong>l.</strong></span> <span class='ocrx_word' id='word_1_170' title='bbox 285 2699 334 2775; x_wconf 82' lang='lat'><strong>3.)</strong></span> <span class='ocrx_word' id='word_1_171' title='bbox 341 2720 350 2775; x_wconf 91' lang='lat'>;</span> <span class='ocrx_word' id='word_1_172' title='bbox 374 2706 438 2762; x_wconf 93' lang='lat' dir='ltr'><strong>tres</strong></span> <span class='ocrx_word' id='word_1_173' title='bbox 466 2700 589 2779; x_wconf 89' lang='lat' dir='ltr'><strong>quidem</strong></span> <span class='ocrx_word' id='word_1_174' title='bbox 621 2720 677 2780; x_wconf 92' lang='lat' dir='ltr'><strong>per</strong></span> <span class='ocrx_word' id='word_1_175' title='bbox 706 2702 899 2765; x_wconf 88' lang='lat' dir='ltr'><strong>occidentem</strong></span> <span class='ocrx_word' id='word_1_176' title='bbox 922 2701 1133 2765; x_wconf 88' lang='lat' dir='ltr'><strong>correctoriae</strong></span> <span class='ocrx_word' id='word_1_177' title='bbox 1160 2699 1352 2780; x_wconf 88' lang='lat' dir='ltr'><strong>provinciae,</strong></span> 
     </span>
    </p>

    <p class='ocr_par' dir='ltr' id='par_1_8' title="bbox 247 2805 1354 2890">
     <span class='ocr_line' id='line_1_23' title="bbox 247 2805 1354 2890; baseline 0.005 -23"><span class='ocrx_word' id='word_1_178' title='bbox 247 2805 268 2866; x_wconf 94' lang='lat' dir='ltr'><strong>i.</strong></span> <span class='ocrx_word' id='word_1_179' title='bbox 282 2826 310 2868; x_wconf 93' lang='lat' dir='ltr'><strong>e.</strong></span> <span class='ocrx_word' id='word_1_180' title='bbox 323 2808 432 2887; x_wconf 91' lang='lat' dir='ltr'><strong>Apulia</strong></span> <span class='ocrx_word' id='word_1_181' title='bbox 450 2815 480 2870; x_wconf 90' lang='lat' dir='ltr'><strong>et</strong></span> <span class='ocrx_word' id='word_1_182' title='bbox 497 2809 650 2888; x_wconf 86' lang='lat' dir='ltr'><strong>Calabria,</strong></span> <span class='ocrx_word' id='word_1_183' title='bbox 666 2816 756 2890; x_wconf 85' lang='lat' dir='ltr'><strong>atque</strong></span> <span class='ocrx_word' id='word_1_184' title='bbox 775 2811 960 2874; x_wconf 81' lang='lat' dir='ltr'><strong>bruttiorum</strong></span> <span class='ocrx_word' id='word_1_185' title='bbox 981 2815 1010 2875; x_wconf 87' lang='lat' dir='ltr'><strong>et</strong></span> <span class='ocrx_word' id='word_1_186' title='bbox 1028 2810 1174 2887; x_wconf 87' lang='lat' dir='ltr'><strong>Lucania,</strong></span> <span class='ocrx_word' id='word_1_187' title='bbox 1189 2815 1282 2890; x_wconf 85' lang='lat' dir='ltr'><strong>atque</strong></span> <span class='ocrx_word' id='word_1_188' title='bbox 1294 2809 1354 2873; x_wconf 86' lang='lat' dir='ltr'><strong>Sa-</strong></span> 
     </span>
    </p>

    <p class='ocr_par' dir='ltr' id='par_1_9' title="bbox 246 2915 1351 3003">
     <span class='ocr_line' id='line_1_24' title="bbox 246 2915 1351 3003; baseline 0.003 -26"><span class='ocrx_word' id='word_1_189' title='bbox 246 2915 297 2978; x_wconf 83' lang='lat' dir='ltr'><strong>via</strong></span> <span class='ocrx_word' id='word_1_190' title='bbox 320 2925 528 2980; x_wconf 90' lang='lat' dir='ltr'><strong>memorantur</strong></span> <span class='ocrx_word' id='word_1_191' title='bbox 550 2919 671 3000; x_wconf 88' lang='lat' dir='ltr'><strong>quidem</strong></span> <span class='ocrx_word' id='word_1_192' title='bbox 692 2921 749 2983; x_wconf 88' lang='lat' dir='ltr'><strong>sub</strong></span> <span class='ocrx_word' id='word_1_193' title='bbox 764 2921 923 2984; x_wconf 76' lang='lat' dir='ltr'><strong>Praefecto</strong></span> <span class='ocrx_word' id='word_1_194' title='bbox 940 2920 1096 3003; x_wconf 93' lang='lat' dir='ltr'><strong>praetorio</strong></span> <span class='ocrx_word' id='word_1_195' title='bbox 1114 2920 1219 2983; x_wconf 86' lang='lat' dir='ltr'><strong>ltaliae</strong></span> <span class='ocrx_word' id='word_1_196' title='bbox 1236 2919 1351 3000; x_wconf 75' lang='lat' dir='ltr'><strong>(p.10*.</strong></span> 
     </span>
    </p>

    <p class='ocr_par' dir='ltr' id='par_1_10' title="bbox 158 3025 1353 3554">
     <span class='ocr_line' id='line_1_25' title="bbox 158 3025 1352 3122; baseline 0 -32"><span class='ocrx_word' id='word_1_197' title='bbox 158 3027 161 3032; x_wconf 75' lang='grc'><em>’</em></span> <span class='ocrx_word' id='word_1_198' title='bbox 246 3025 292 3103; x_wconf 67' lang='lat' dir='ltr'><strong>di.</strong></span> <span class='ocrx_word' id='word_1_199' title='bbox 302 3027 331 3089; x_wconf 87' lang='lat'><strong>7.</strong></span> <span class='ocrx_word' id='word_1_200' title='bbox 343 3027 373 3091; x_wconf 87' lang='lat'><strong>8.</strong></span> <span class='ocrx_word' id='word_1_201' title='bbox 391 3029 472 3108; x_wconf 72' lang='grc'><strong>10),</strong></span> <span class='ocrx_word' id='word_1_202' title='bbox 496 3030 552 3093; x_wconf 92' lang='lat' dir='ltr'><strong>sed</strong></span> <span class='ocrx_word' id='word_1_203' title='bbox 580 3031 700 3111; x_wconf 91' lang='lat' dir='ltr'><strong>priores</strong></span> <span class='ocrx_word' id='word_1_204' title='bbox 723 3031 794 3095; x_wconf 90' lang='lat' dir='ltr'><strong>illae</strong></span> <span class='ocrx_word' id='word_1_205' title='bbox 825 3031 904 3096; x_wconf 89' lang='lat' dir='ltr'><strong>duae</strong></span> <span class='ocrx_word' id='word_1_206' title='bbox 926 3032 983 3095; x_wconf 90' lang='lat' dir='ltr'><strong>sub</strong></span> <span class='ocrx_word' id='word_1_207' title='bbox 1006 3030 1211 3122; x_wconf 88' lang='lat' dir='ltr'><strong>dispositione</strong></span> <span class='ocrx_word' id='word_1_208' title='bbox 1235 3027 1352 3092; x_wconf 76' lang='lat' dir='ltr'><strong>Vrcarii</strong></span> 
     </span>
     <span class='ocr_line' id='line_1_26' title="bbox 248 3136 1353 3224; baseline 0.005 -27"><span class='ocrx_word' id='word_1_209' title='bbox 248 3136 334 3200; x_wconf 91' lang='lat' dir='ltr'><strong>urbis</strong></span> <span class='ocrx_word' id='word_1_210' title='bbox 356 3139 473 3203; x_wconf 83' lang='lat' dir='ltr'><strong>Ronrae</strong></span> <span class='ocrx_word' id='word_1_211' title='bbox 493 3141 618 3204; x_wconf 88' lang='lat' dir='ltr'><strong>fuerunt</strong></span> <span class='ocrx_word' id='word_1_212' title='bbox 640 3149 684 3222; x_wconf 86' lang='lat' dir='ltr'><strong>(p.</strong></span> <span class='ocrx_word' id='word_1_213' title='bbox 695 3141 764 3205; x_wconf 53' lang='lat'><strong>64³&amp;</strong></span> <span class='ocrx_word' id='word_1_214' title='bbox 775 3143 819 3220; x_wconf 68' lang='lat' dir='ltr'><strong>il.</strong></span> <span class='ocrx_word' id='word_1_215' title='bbox 829 3143 859 3206; x_wconf 80' lang='lat'><strong>4.</strong></span> <span class='ocrx_word' id='word_1_216' title='bbox 870 3145 930 3223; x_wconf 83' lang='grc'><strong>5.),</strong></span> <span class='ocrx_word' id='word_1_217' title='bbox 954 3161 1043 3224; x_wconf 90' lang='lat' dir='ltr'><strong>quem</strong></span> <span class='ocrx_word' id='word_1_218' title='bbox 1067 3142 1124 3206; x_wconf 91' lang='lat' dir='ltr'><strong>sub</strong></span> <span class='ocrx_word' id='word_1_219' title='bbox 1148 3139 1353 3221; x_wconf 87' lang='lat' dir='ltr'><strong>dispositione</strong></span> 
     </span>
     <span class='ocr_line' id='line_1_27' title="bbox 245 3244 1352 3333; baseline 0.005 -27"><span class='ocrx_word' id='word_1_220' title='bbox 245 3244 397 3311; x_wconf 88' lang='lat' dir='ltr'><strong>Praefecti</strong></span> <span class='ocrx_word' id='word_1_221' title='bbox 417 3250 629 3329; x_wconf 89' lang='lat' dir='ltr'><strong>praet.ltaliae</strong></span> <span class='ocrx_word' id='word_1_222' title='bbox 651 3268 714 3313; x_wconf 93' lang='lat' dir='ltr'><strong>non</strong></span> <span class='ocrx_word' id='word_1_223' title='bbox 736 3251 831 3315; x_wconf 88' lang='lat' dir='ltr'><strong>fuisse</strong></span> <span class='ocrx_word' id='word_1_224' title='bbox 853 3270 882 3333; x_wconf 92' lang='lat' dir='ltr'><strong>p.</strong></span> <span class='ocrx_word' id='word_1_225' title='bbox 895 3251 984 3315; x_wconf 68' lang='lat'><strong>497⁴.</strong></span> <span class='ocrx_word' id='word_1_226' title='bbox 997 3269 1064 3333; x_wconf 85' lang='lat' dir='ltr'><strong>sqq.</strong></span> <span class='ocrx_word' id='word_1_227' title='bbox 1078 3250 1288 3329; x_wconf 83' lang='lat' dir='ltr'><strong>ostendimus3</strong></span> <span class='ocrx_word' id='word_1_228' title='bbox 1311 3249 1352 3313; x_wconf 93' lang='lat' dir='ltr'><strong>ll-</strong></span> 
     </span>
     <span class='ocr_line' id='line_1_28' title="bbox 245 3357 1351 3440; baseline 0.005 -21"><span class='ocrx_word' id='word_1_229' title='bbox 245 3357 374 3439; x_wconf 82' lang='lat' dir='ltr'><strong>lyricam</strong></span> <span class='ocrx_word' id='word_1_230' title='bbox 406 3367 506 3424; x_wconf 90' lang='lat' dir='ltr'><strong>autem</strong></span> <span class='ocrx_word' id='word_1_231' title='bbox 538 3362 697 3424; x_wconf 91' lang='lat' dir='ltr'><strong>dioecesin</strong></span> <span class='ocrx_word' id='word_1_232' title='bbox 727 3363 883 3427; x_wconf 75' lang='lat' dir='ltr'><strong>vicarium</strong></span> <span class='ocrx_word' id='word_1_233' title='bbox 916 3362 1042 3425; x_wconf 81' lang='lat' dir='ltr'><strong>orunino</strong></span> <span class='ocrx_word' id='word_1_234' title='bbox 1077 3361 1191 3424; x_wconf 91' lang='lat' dir='ltr'><strong>nullum</strong></span> <span class='ocrx_word' id='word_1_235' title='bbox 1222 3361 1351 3440; x_wconf 84' lang='lat' dir='ltr'><strong>habere,</strong></span> 
     </span>
     <span class='ocr_line' id='line_1_29' title="bbox 246 3468 1350 3554; baseline 0.005 -24"><span class='ocrx_word' id='word_1_236' title='bbox 246 3468 350 3550; x_wconf 89' lang='lat' dir='ltr'><strong>itaque</strong></span> <span class='ocrx_word' id='word_1_237' title='bbox 380 3475 411 3532; x_wconf 93' lang='lat' dir='ltr'><strong>et</strong></span> <span class='ocrx_word' id='word_1_238' title='bbox 432 3471 543 3534; x_wconf 88' lang='lat' dir='ltr'><strong>Saviae</strong></span> <span class='ocrx_word' id='word_1_239' title='bbox 567 3472 783 3536; x_wconf 86' lang='lat' dir='ltr'><strong>Correetorem</strong></span> <span class='ocrx_word' id='word_1_240' title='bbox 810 3474 877 3536; x_wconf 92' lang='lat' dir='ltr'><strong>sine</strong></span> <span class='ocrx_word' id='word_1_241' title='bbox 909 3472 1090 3536; x_wconf 86' lang='lat' dir='ltr'><strong>intermedia</strong></span> <span class='ocrx_word' id='word_1_242' title='bbox 1120 3478 1272 3554; x_wconf 84' lang='lat' dir='ltr'><strong>potestate</strong></span> <span class='ocrx_word' id='word_1_243' title='bbox 1294 3471 1350 3536; x_wconf 88' lang='lat' dir='ltr'><strong>sub</strong></span> 
     </span>
    </p>
   </div>
   <div class='ocr_carea' id='block_1_4' title="bbox 245 3606 498 3618">
    <p class='ocr_par' dir='ltr' id='par_1_11' title="bbox 245 3606 498 3618">
     <span class='ocr_line' id='line_1_30' title="bbox 245 3606 498 3618; baseline 0.004 -1"><span class='ocrx_word' id='word_1_244' title='bbox 245 3606 432 3617; x_wconf 68' lang='lat'><em>.-———--—-</em></span> <span class='ocrx_word' id='word_1_245' title='bbox 474 3613 498 3618; x_wconf 48' lang='grc' dir='ltr'><strong>η.</strong></span> 
     </span>
    </p>
   </div>
   <div class='ocr_carea' id='block_1_5' title="bbox 246 3677 1349 4242">
    <p class='ocr_par' dir='ltr' id='par_1_12' title="bbox 246 3677 1349 4242">
     <span class='ocr_line' id='line_1_31' title="bbox 347 3677 1348 3760; baseline 0.003 -23"><span class='ocrx_word' id='word_1_246' title='bbox 347 3690 371 3754; x_wconf 81' lang='lat'><strong>⁵)</strong></span> <span class='ocrx_word' id='word_1_247' title='bbox 391 3686 453 3738; x_wconf 80' lang='lat' dir='ltr'><strong>llam</strong></span> <span class='ocrx_word' id='word_1_248' title='bbox 472 3690 537 3740; x_wconf 85' lang='lat' dir='ltr'><strong>satis</strong></span> <span class='ocrx_word' id='word_1_249' title='bbox 558 3697 672 3753; x_wconf 85' lang='lat' dir='ltr'><strong>constat,</strong></span> <span class='ocrx_word' id='word_1_250' title='bbox 695 3698 721 3742; x_wconf 89' lang='lat' dir='ltr'><strong>et</strong></span> <span class='ocrx_word' id='word_1_251' title='bbox 740 3690 790 3741; x_wconf 91' lang='lat' dir='ltr'><strong>iam</strong></span> <span class='ocrx_word' id='word_1_252' title='bbox 805 3689 957 3742; x_wconf 85' lang='lat' dir='ltr'><strong>Pancirolua</strong></span> <span class='ocrx_word' id='word_1_253' title='bbox 977 3677 1200 3760; x_wconf 75' lang='lat' dir='ltr'><strong>Bulengcruaquo¹</strong></span> <span class='ocrx_word' id='word_1_254' title='bbox 1215 3689 1348 3753; x_wconf 79' lang='lat' dir='ltr'><strong>viderunt,</strong></span> 
     </span>
     <span class='ocr_line' id='line_1_32' title="bbox 247 3780 1349 3843; baseline 0.006 -13"><span class='ocrx_word' id='word_1_255' title='bbox 247 3780 412 3832; x_wconf 90' lang='lat' dir='ltr'><strong>Picentinum</strong></span> <span class='ocrx_word' id='word_1_256' title='bbox 432 3783 544 3843; x_wconf 85' lang='lat' dir='ltr'><strong>titulum,</strong></span> <span class='ocrx_word' id='word_1_257' title='bbox 565 3787 591 3835; x_wconf 88' lang='lat' dir='ltr'><strong>in</strong></span> <span class='ocrx_word' id='word_1_258' title='bbox 612 3788 687 3836; x_wconf 85' lang='lat' dir='ltr'><strong>euius</strong></span> <span class='ocrx_word' id='word_1_259' title='bbox 707 3786 759 3838; x_wconf 87' lang='lat' dir='ltr'><strong>lina</strong></span> <span class='ocrx_word' id='word_1_260' title='bbox 774 3795 814 3838; x_wconf 89' lang='lat' dir='ltr'><strong>est</strong></span> <span class='ocrx_word' id='word_1_261' title='bbox 832 3801 1349 3840; x_wconf 68' lang='lat' dir='ltr'><strong>c.rvacro.sncvrrno.tanoruantrum.</strong></span> 
     </span>
     <span class='ocr_line' id='line_1_33' title="bbox 246 3880 1349 3956; baseline 0.005 -29"><span class='ocrx_word' id='word_1_262' title='bbox 246 3890 308 3927; x_wconf 85' lang='lat' dir='ltr'><strong>van.</strong></span> <span class='ocrx_word' id='word_1_263' title='bbox 324 3893 373 3928; x_wconf 82' lang='lat' dir='ltr'><strong>arn.</strong></span> <span class='ocrx_word' id='word_1_264' title='bbox 391 3894 512 3931; x_wconf 83' lang='lat' dir='ltr'><strong>asrrnro.</strong></span> <span class='ocrx_word' id='word_1_265' title='bbox 526 3895 603 3933; x_wconf 89' lang='lat' dir='ltr'><strong>eonn.</strong></span> <span class='ocrx_word' id='word_1_266' title='bbox 619 3898 793 3935; x_wconf 66' lang='lat' dir='ltr'><strong>animaremur</strong></span> <span class='ocrx_word' id='word_1_267' title='bbox 813 3884 898 3956; x_wconf 88' lang='lat' dir='ltr'><strong>(Grut.</strong></span> <span class='ocrx_word' id='word_1_268' title='bbox 912 3885 1014 3948; x_wconf 76' lang='lat' dir='ltr'><strong>t65,2.,</strong></span> <span class='ocrx_word' id='word_1_269' title='bbox 1036 3882 1219 3954; x_wconf 73' lang='lat' dir='ltr'><strong>eratineo),</strong></span> <span class='ocrx_word' id='word_1_270' title='bbox 1238 3897 1292 3935; x_wconf 87' lang='lat' dir='ltr'><strong>non</strong></span> <span class='ocrx_word' id='word_1_271' title='bbox 1318 3880 1349 3935; x_wconf 78' lang='lat' dir='ltr'><strong>ad</strong></span> 
     </span>
     <span class='ocr_line' id='line_1_34' title="bbox 247 3971 1347 4049; baseline 0.005 -24"><span class='ocrx_word' id='word_1_272' title='bbox 247 3971 386 4025; x_wconf 84' lang='lat' dir='ltr'><strong>Octaviani</strong></span> <span class='ocrx_word' id='word_1_273' title='bbox 406 3975 438 4027; x_wconf 92' lang='lat' dir='ltr'><strong>A.</strong></span> <span class='ocrx_word' id='word_1_274' title='bbox 457 3983 575 4043; x_wconf 85' lang='lat' dir='ltr'><strong>tempora</strong></span> <span class='ocrx_word' id='word_1_275' title='bbox 603 3981 746 4045; x_wconf 85' lang='lat' dir='ltr'><strong>pertinere.</strong></span> <span class='ocrx_word' id='word_1_276' title='bbox 783 3982 899 4047; x_wconf 86' lang='lat' dir='ltr'><strong>pertinet</strong></span> <span class='ocrx_word' id='word_1_277' title='bbox 918 3981 949 4032; x_wconf 91' lang='lat' dir='ltr'><strong>ad</strong></span> <span class='ocrx_word' id='word_1_278' title='bbox 972 3980 1150 4033; x_wconf 83' lang='lat' dir='ltr'><strong>Valentiniani</strong></span> <span class='ocrx_word' id='word_1_279' title='bbox 1178 3979 1347 4049; x_wconf 81' lang='lat' dir='ltr'><strong>Gratianiquo</strong></span> 
     </span>
     <span class='ocr_line' id='line_1_35' title="bbox 246 4072 1347 4146; baseline 0.008 -26"><span class='ocrx_word' id='word_1_280' title='bbox 246 4077 376 4137; x_wconf 85' lang='lat' dir='ltr'><strong>tempora.</strong></span> <span class='ocrx_word' id='word_1_281' title='bbox 399 4072 450 4122; x_wconf 86' lang='lat' dir='ltr'><strong>Sed</strong></span> <span class='ocrx_word' id='word_1_282' title='bbox 470 4089 520 4124; x_wconf 86' lang='lat' dir='ltr'><strong>nec</strong></span> <span class='ocrx_word' id='word_1_283' title='bbox 539 4083 689 4127; x_wconf 88' lang='lat' dir='ltr'><strong>accuratum</strong></span> <span class='ocrx_word' id='word_1_284' title='bbox 709 4093 768 4129; x_wconf 86' lang='lat' dir='ltr'><strong>esse</strong></span> <span class='ocrx_word' id='word_1_285' title='bbox 788 4078 858 4146; x_wconf 87' lang='lat' dir='ltr'><strong>quod</strong></span> <span class='ocrx_word' id='word_1_286' title='bbox 870 4080 1006 4131; x_wconf 79' lang='lat' dir='ltr'><strong>Reimarus</strong></span> <span class='ocrx_word' id='word_1_287' title='bbox 1019 4078 1052 4130; x_wconf 88' lang='lat' dir='ltr'><strong>ad</strong></span> <span class='ocrx_word' id='word_1_288' title='bbox 1064 4077 1260 4145; x_wconf 75' lang='lat' dir='ltr'><strong>Dioncmp.</strong></span> <span class='ocrx_word' id='word_1_289' title='bbox 1272 4078 1347 4131; x_wconf 80' lang='grc'><strong>1330.</strong></span> 
     </span>
     <span class='ocr_line' id='line_1_36' title="bbox 248 4165 1346 4242; baseline 0.007 -24"><span class='ocrx_word' id='word_1_290' title='bbox 248 4169 399 4231; x_wconf 80' lang='lat' dir='ltr'><strong>annotavit,</strong></span> <span class='ocrx_word' id='word_1_291' title='bbox 420 4165 590 4223; x_wconf 85' lang='lat' dir='ltr'><strong>Corractorea</strong></span> <span class='ocrx_word' id='word_1_292' title='bbox 613 4173 640 4222; x_wconf 91' lang='lat' dir='ltr'><strong>in</strong></span> <span class='ocrx_word' id='word_1_293' title='bbox 662 4172 739 4224; x_wconf 86' lang='lat' dir='ltr'><strong>ltalia</strong></span> <span class='ocrx_word' id='word_1_294' title='bbox 758 4175 869 4240; x_wconf 90' lang='lat' dir='ltr'><strong>primum</strong></span> <span class='ocrx_word' id='word_1_295' title='bbox 888 4177 937 4229; x_wconf 84' lang='lat' dir='ltr'><strong>sub</strong></span> <span class='ocrx_word' id='word_1_296' title='bbox 956 4175 1101 4228; x_wconf 83' lang='lat' dir='ltr'><strong>Aureliano</strong></span> <span class='ocrx_word' id='word_1_297' title='bbox 1121 4174 1249 4242; x_wconf 82' lang='lat' dir='ltr'><strong>reperiri,</strong></span> <span class='ocrx_word' id='word_1_298' title='bbox 1271 4174 1346 4242; x_wconf 77' lang='lat' dir='ltr'><strong>Papi·</strong></span> 
     </span>
    </p>
   </div>
   <div class='ocr_carea' id='block_1_6' title="bbox 246 4264 1347 4413">
    <p class='ocr_par' dir='ltr' id='par_1_13' title="bbox 246 4264 1347 4413">
     <span class='ocr_line' id='line_1_37' title="bbox 247 4264 1347 4342; baseline 0.006 -29"><span class='ocrx_word' id='word_1_299' title='bbox 247 4264 343 4316; x_wconf 89' lang='lat' dir='ltr'><strong>uianua</strong></span> <span class='ocrx_word' id='word_1_300' title='bbox 363 4264 495 4315; x_wconf 80' lang='lat' dir='ltr'><strong>ostendit:</strong></span> <span class='ocrx_word' id='word_1_301' title='bbox 516 4269 623 4319; x_wconf 88' lang='lat' dir='ltr'><strong>nomina</strong></span> <span class='ocrx_word' id='word_1_302' title='bbox 635 4268 821 4324; x_wconf 88' lang='lat' dir='ltr'><strong>Correetorum</strong></span> <span class='ocrx_word' id='word_1_303' title='bbox 839 4280 921 4326; x_wconf 83' lang='lat' dir='ltr'><strong>antea</strong></span> <span class='ocrx_word' id='word_1_304' title='bbox 937 4273 1086 4342; x_wconf 76' lang='lat' dir='ltr'><strong>regentium</strong></span> <span class='ocrx_word' id='word_1_305' title='bbox 1104 4271 1178 4324; x_wconf 85' lang='lat' dir='ltr'><strong>nulla</strong></span> <span class='ocrx_word' id='word_1_306' title='bbox 1195 4272 1273 4325; x_wconf 79' lang='lat' dir='ltr'><strong>nobis</strong></span> <span class='ocrx_word' id='word_1_307' title='bbox 1290 4285 1347 4324; x_wconf 80' lang='lat' dir='ltr'><strong>aar·</strong></span> 
     </span>
     <span class='ocr_line' id='line_1_38' title="bbox 246 4365 396 4413; baseline 0.02 -4"><span class='ocrx_word' id='word_1_308' title='bbox 246 4365 308 4412; x_wconf 79' lang='lat' dir='ltr'><strong>rata</strong></span> <span class='ocrx_word' id='word_1_309' title='bbox 327 4368 396 4413; x_wconf 85' lang='lat' dir='ltr'><strong>aunt.</strong></span> 
     </span>
    </p>
   </div>
   <div class='ocr_carea' id='block_1_7' title="bbox 162 4548 1453 4600">
    <p class='ocr_par' dir='ltr' id='par_1_14' title="bbox 162 4548 1453 4600">
     <span class='ocr_line' id='line_1_39' title="bbox 162 4548 1453 4600; baseline -0.001 0"><span class='ocrx_word' id='word_1_310' title='bbox 162 4548 1453 4600; x_wconf 41' lang='lat' dir='ltr'><strong>OQ</strong></span> 
     </span>
    </p>
   </div>
   <div class='ocr_carea' id='block_1_8' title="bbox 0 0 1464 4914">
    <p class='ocr_par' dir='ltr' id='par_1_15' title="bbox 0 0 1464 4914">
     <span class='ocr_line' id='line_1_40' title="bbox 0 0 1464 4914; baseline 0 2"><span class='ocrx_word' id='word_1_311' title='bbox 0 0 1464 4914; x_wconf 95' lang='lat' dir='ltr'><strong> </strong></span> 
     </span>
    </p>
   </div>
  </div>
 </body>
</html>
