2918 4914
124 223 1372 353 Γ-*φ-Ἷ

189 374 1299 450 *1160*ma.maor.0ecmr.xn...mv1.mirovaeumumom.
1358 384 1360 449 ζ

197 613 377 677 strationem
399 615 570 700 privilegiis
594 615 672 679 trare
695 615 807 679 atra.
823 615 928 678 tabent
944 614 1106 677 naneae
1124 611 1299 677 manu.
1358 566 1361 576 ’

197 724 309 787 un'tb.
321 720 353 788 C.
366 725 408 790 de
428 727 591 791 comitibus
614 726 664 808 qui
683 727 860 809 provincias
882 723 1126 809 reguntVl.17.]

618 843 872 857 ednaham——

283 903 343 967 lac.
368 904 553 969 Gotboiredi
584 906 747 987 paratitlon
773 907 813 969 ad
836 904 952 967 Theod.
972 903 1046 967 Ood.
1067 906 1112 967 tit.
1129 905 1172 969 de
1194 905 1300 969 officio
1359 946 1361 1002 p

196 1014 329 1077 rectoris
351 1016 530 1096 provinciae
551 1016 597 1079 sic
620 1017 728 1080 habet:
741 1016 899 1096 ,Rectoris
921 1014 1300 1096 provinciae..ctiiciam,

197 1122 357 1203 industria,
382 1143 474 1205 cura,
500 1126 628 1207 primum
651 1126 683 1186 in
713 1125 874 1188 audiendis
898 1124 1173 1207 discingendisque
1195 1124 1301 1189 litibus

198 1233 405 1314 consistebat,
428 1241 498 1316 puta
522 1235 662 1299 civilibus
691 1235 963 1316 criminalibusque
992 1234 1235 1312 controversiis,
1259 1234 1302 1298 dc
1358 1319 1360 1324 Ι

197 1346 278 1404 statu
298 1342 454 1406 bominum
478 1342 526 1406 vel
547 1343 809 1425 patrimoniorum.
853 1344 941 1407 Hunc
965 1345 995 1405 in
1018 1344 1126 1422 finem
1155 1361 1196 1406 ne
1219 1361 1303 1407 cau-

197 1469 294 1534 gruae
314 1451 439 1516 ultionis
463 1452 691 1517 animadversio
708 1453 809 1535 aliqua
833 1455 954 1516 ratione
976 1453 1186 1533 cohiberetur,
1204 1471 1303 1534 prae-
1360 1514 1361 1519 ,

199 1559 290 1640 cipue
311 1559 390 1624 baec
411 1561 455 1625 illi
476 1581 549 1626 cura
572 1563 723 1644 imposita,
744 1569 777 1625 ut
797 1563 910 1644 apertis
930 1563 1097 1627 Secretarii
1118 1562 1237 1626 iuribus
1251 1563 1305 1624 in·

197 1675 245 1732 tro
268 1672 387 1735 vocatis
411 1672 552 1737 omnibus
576 1679 606 1736 et
628 1690 683 1754 pro
705 1673 867 1753 tribunali,
892 1690 955 1735 non
976 1674 1009 1736 in
1030 1690 1160 1736 secessu
1176 1673 1303 1751 domus

197 1796 259 1842 non
282 1787 441 1863 postquam
456 1782 578 1845 domum
600 1801 635 1846 se
654 1783 836 1864 recepisset,
853 1784 891 1847 ab
909 1778 1004 1846 cilicii
1024 1789 1303 1864 conspectumque

197 1889 297 1954 oculis
321 1891 452 1972 publicis
475 1894 677 1973 recessisset,
699 1910 761 1955 non
782 1893 865 1955 domi
888 1892 1107 1974 pomeridianis
1129 1893 1217 1955 baris
1241 1892 1301 1968 [ci.
1357 1926 1360 1971 ἓ

197 2000 287 2064 etiam
301 2000 334 2062 L.
346 2019 396 2064 un.
409 2000 463 2064 Th.
475 2002 508 2066 c.
522 2002 561 2066 de
576 2002 628 2066 off.
642 2002 704 2066 iud.
720 2002 854 2066 civilium
868 2004 890 2066 l.
900 2002 977 2084 aba,
996 2002 1231 2067 controversias
1243 2018 1304 2066 au-
1356 2006 1359 2043 l

197 2111 287 2192 diret,
310 2112 480 2176 sententias
500 2113 665 2193 proterret,
686 2114 911 2193 pronuntiaret,
930 2114 1004 2191 imo,
1018 2131 1058 2175 ne
1073 2111 1196 2193 quidem
1210 2110 1302 2173 libel-

197 2219 246 2285 lcs
271 2221 430 2302 acciperet
456 2221 588 2286 oblatos.
633 2223 681 2286 Ad
704 2223 855 2287 liniendas
878 2221 1044 2286 item-lites
1074 2227 1104 2282 et
1130 2226 1218 2284 actus
1239 2239 1303 2302 pu—
1357 2207 1360 2272 l

197 2330 297 2394 blicos
325 2336 356 2393 et
382 2331 455 2394 illud
483 2332 666 2411 cavebatur,
698 2351 738 2396 ne
764 2332 947 2414 spectaculis
971 2337 1001 2394 et
1023 2331 1150 2395 ludicris
1172 2331 1302 2395 nimirum

200 2459 294 2505 curae
315 2442 473 2522 tribueret,
498 2442 555 2505 sed
577 2443 668 2506 seriis
690 2445 790 2525 potius
815 2443 932 2506 actibus
958 2447 1092 2505 vacaret.
1136 2441 1299 2505 Debebunt
1361 2494 1362 2534 3

197 2555 228 2614 et
246 2550 328 2614 banc
344 2547 494 2615 Rectores
519 2569 623 2615 curam
642 2568 766 2635 gerere,
791 2570 831 2614 ne
853 2551 963 2615 damna
985 2550 1227 2632 provincialibus
1250 2551 1303 2612 in·
1360 2591 1363 2649 3

197 2656 379 2744 digerentur
406 2662 444 2724 ab
467 2658 677 2741 Oiticialibus,
702 2660 970 2742 compulsoribus,
994 2680 1011 2724 a
1034 2659 1202 2742 potentium
1223 2678 1303 2740 pro·
1360 2652 1363 2702 ῑ

197 2769 400 2836 curatoribus.
432 2769 537 2852 ltaque
551 2777 582 2833 et
604 2778 690 2834 certo
712 2771 784 2834 anni
798 2778 935 2852 tempore
957 2771 1097 2834 civitates
1117 2769 1302 2851 provinciae
1360 2703 1363 2864 Ι

197 2877 286 2941 abire
308 2877 461 2943 debebant
484 2885 573 2959 atque
590 2879 621 2941 in
643 2879 691 2941 bis
713 2878 802 2956 locis,
825 2879 935 2960 paribus
949 2885 1073 2961 praesto
1089 2897 1159 2943 esse
1173 2884 1304 2959 possent
1361 2941 1362 2962 ,

197 2988 356 3068 omnibus,
381 2987 487 3053 sedem
515 2990 704 3052 constituere
724 2989 1023 3071 provincialiumque
1044 2987 1187 3070 querelas
1213 2989 1304 3052 exci-
1361 2988 1364 3022 r

196 3116 280 3180 pere.
326 3099 406 3174 Quin
425 3099 487 3161 irno
507 3116 563 3180 per
585 3099 719 3162 omnium
742 3099 829 3162 uillas
850 3102 967 3163 sensim
989 3106 1078 3182 atque
1098 3098 1234 3163 usitatim
1252 3099 1304 3160 vi·

197 3318 335 3384 solenter
357 3321 474 3405 egisset
494 3325 546 3384 aut
566 3317 706 3402 cupide‘t

284 3445 406 3510 Priores
429 3463 486 3510 sex
508 3445 599 3510 huius
622 3445 665 3507 tit.
683 3444 917 3508 constitutiones
938 3443 1163 3508 recentioribus
1179 3441 1302 3505 demum
1361 3383 1365 3434 ι

198 3555 387 3637 temporibus
409 3561 550 3637 repertae
575 3555 641 3631 (ed.
652 3553 778 3619 ilaenel
790 3553 1042 3635 p.*156...*1oo.)
1051 3552 1245 3633 praecipiunt
1260 3551 1302 3616 de
1362 3573 1364 3612 t

198 3666 420 3747 provocatione
447 3671 478 3728 et
503 3669 631 3729 transitu
653 3666 691 3729 ad
715 3665 849 3728 cilicium
871 3665 1097 3745 praefectorum
1119 3663 1169 3726 vel
1191 3662 1302 3726 vicarii
1362 3631 1365 3694 Ι

199 3775 248 3852 (b
264 3777 330 3855 1.),
352 3793 391 3840 nc
421 3774 546 3838 decreta
566 3774 803 3856 provincialium
828 3775 912 3856 prius
934 3774 974 3836 ad
997 3774 1172 3836 comitatum
1193 3770 1303 3854 perie-
1363 3855 1364 3864 ἵ

198 3889 315 3965 rantur,
341 3901 431 3966 quam
453 3884 626 3948 iudicantes
649 3884 786 3965 inspecta
809 3890 840 3947 et
863 3885 991 3966 probata
1013 3901 1068 3947 sua
1091 3883 1303 3964 adscriptione
1363 3879 1365 3920 ³

200 3994 377 4076 signassent
397 3996 446 4074 (L.
461 3997 527 4074 2.);
551 3995 589 4058 de
611 3994 757 4059 brevibus
786 3993 920 4057 omnium
946 3994 1141 4075 negotiorum
1165 4011 1182 4057 a
1205 3988 1304 4055 Prae-
1363 3926 1366 4032 1

199 4101 298 4167 sidum
322 4103 433 4168 ciliciis
456 4103 494 4166 ad
518 4104 638 4170 Scrinia
658 4103 710 4167 Pil.
726 4104 757 4167 P.
782 4111 811 4166 et
834 4104 1050 4185 imperatorum
1073 4100 1247 4181 mittendis,
1269 4106 1304 4165 ut

199 4213 352 4278 iudicibus
375 4215 510 4298 praemia
534 4233 654 4296 poenae
675 4215 918 4279 decernerentur
938 4215 1063 4294 (¹⁶3OE
1086 4220 1118 4276 ut
1138 4211 1302 4295 praesidet

69 4326 76 4339 ‘
200 4324 239 4389 ud
253 4324 343 4407 impp.
356 4325 439 4390 Piive
450 4326 479 4389 P.
493 4326 532 4388 de
553 4325 707 4406 potiorum
722 4324 892 4389 insolentiis
909 4325 1107 4403 referentib
1116 4325 1166 4404 tt)
1175 4345 1186 4404 ;
1197 4329 1231 4388 ut
1244 4340 1303 4408 per
1362 4347 1364 4435 p

994 4508 1000 4553 t

966 4570 1195 4578 *,,,Μ,-
1212 4572 1251 4576 a
1271 4574 1274 4578 ,
