2918 4914
403 386 469 434 cae.
484 386 589 434 xxrrr.
618 386 659 433 aa
682 384 751 432 rac.
768 364 844 434 76*.
866 356 895 431 i'.
914 368 971 433 tt.
1144 362 1236 434 517*

140 588 197 662 est,
219 581 445 664 promovendos
468 599 539 644 esso
561 582 724 656 censuerit,
750 582 780 641 in
801 580 874 660 ipsis
892 578 1068 661 plerumque
1089 578 1234 642 limitibus

142 693 337 772 commorari,
362 699 393 757 ct
417 692 527 756 milites
549 691 587 753 ad
613 691 766 772 antiquum
791 691 935 772 redigere
958 708 1113 754 numerum
1134 690 1237 753 immi-

140 804 277 867 nentibus
301 802 488 886 magisteriis
517 801 717 883 potestatibus
746 801 957 881 diuturnisque
986 817 1091 863 comm
1114 800 1238 863 exerci-

140 908 302 977 tationibus
323 912 487 976 inhaerere
506 912 721 993 praecipimus.
755 911 932 974 Castrorum
957 911 1030 991 quin
1052 911 1143 974 etiam
1163 910 1237 991 ipsis

136 1024 380 1104 lusoriammquc
402 1039 459 1103 pro
482 1022 605 1102 antiqua
625 1020 826 1101 dispositione
850 1038 954 1082 curam
975 1020 1237 1101 refectionemque

136 1134 324 1196 rnamlumus.
369 1133 439 1209 §.2
465 1132 581 1207 Quibus
604 1149 671 1193 cuna
692 1131 830 1212 principe
853 1137 1084 1210 castrorumque
1104 1148 1239 1213 praepo-

137 1243 205 1305 sitis
227 1260 284 1322 pro
307 1241 445 1305 laborum
468 1241 679 1304 vicissitudine
694 1241 840 1304 limitanei
863 1246 974 1304 tantum
992 1240 1096 1303 militis
1118 1238 1239 1303 duode-

140 1352 251 1415 cimam
274 1368 463 1416 annonarum
484 1357 617 1431 partem,
640 1350 879 1414 distribuendam
904 1350 1049 1413 videlicet
1076 1350 1158 1413 inter
1183 1368 1239 1413 eos

138 1462 335 1542 magisteriae
355 1461 514 1542 potestatis
537 1460 683 1540 arbitrio,
707 1461 893 1541 deputamus.
945 1460 990 1523 De
1014 1461 1238 1524 Saracenorum

137 1590 212 1635 vero
236 1571 464 1635 foederatorum
493 1572 681 1652 aliarumque
711 1571 847 1653 gentium
877 1571 1055 1634 annonariis
1086 1569 1237 1634 alimentis

137 1682 248 1745 nullam
271 1682 389 1763 penitus
413 1699 469 1746 eos
491 1681 680 1763 decerpendi
701 1681 813 1762 aliquid
831 1681 878 1743 vel
899 1681 1061 1744 uerterendi
1083 1680 1237 1745 licentiam

136 1791 250 1854 trabere
281 1790 488 1855 concedimus.
539 1792 645 1855 Sciant
671 1791 780 1872 plane,
815 1791 917 1871 quod,
951 1792 979 1853 si
1009 1790 1081 1871 quid
1109 1790 1236 1871 amplius

67 1860 73 1971 ‚i
137 1919 224 1982 quam
239 1901 283 1963 eis
304 1920 343 1963 ex
365 1906 470 1963 nostra
492 1902 674 1963 auctoritate
691 1907 832 1963 statutum
847 1906 904 1977 est,
929 1901 1061 1963 audeant
1076 1918 1235 1985 usurpare,

67 1976 73 2043 i
135 2017 240 2091 utpote
263 2029 373 2073 saevae
393 2010 544 2090 pecuniae
568 2011 736 2072 violatores
759 2016 789 2071 et
813 2010 880 2089 ipsi,
904 2009 1096 2072 facultatibus
1117 2010 1182 2072 suis
1196 2011 1236 2071 tui

67 2070 72 2145 ι
138 2118 277 2181 culminis
302 2119 504 2198 dispositione
525 2100 671 2180 limitibus
692 2118 899 2200 assignandis,
917 2136 1046 2197 poenam
1059 2119 1153 2199 gladii
1168 2138 1239 2182 sus-

66 2162 73 2325 ι
137 2229 304 2290 tinebuut2·
323 2234 353 2289 et
380 2227 431 2308 qui
460 2227 533 2289 tanti
563 2227 671 2310 llagitii
694 2226 742 2288 vel
772 2227 871 2308 potius
895 2228 1078 2307 proditionis
1099 2227 1239 2308 publieao

67 2328 78 2487 ι
124 2320 295 2400 ἰιιίηἰεῑτοε
317 2337 523 2418 participesve
536 2356 571 2399 se
594 2336 746 2415 dederint,
769 2336 834 2417 pari
856 2336 1006 2418 supplicio
1027 2338 1238 2416 subiacebunt,

66 2414 73 2519 i
138 2447 251 2510 utillum
274 2446 417 2530 effugium
442 2466 500 2510 nec
521 2465 610 2510 sacra
635 2448 849 2527 annotatione,
872 2467 931 2511 neo
955 2448 1025 2531 lege
1048 2448 1238 2532 pragmatica

64 2526 70 2695 ι
138 2558 291 2621 divinisve
315 2558 478 2637 mandatis,
503 2557 614 2621 nullam
638 2576 721 2639 spem
745 2557 851 2621 salutis
874 2557 1017 2622 habituri.
1048 2567 1078 2636 ς.
1092 2559 1121 2623 3.
1146 2559 1237 2623 Viros

65 2698 69 2751 a
138 2674 236 2731 autem
261 2668 394 2732 illustres
425 2670 591 2752 magistros
615 2668 742 2732 militum
764 2670 898 2750 priorem
926 2670 1130 2751 integritatem
1162 2688 1237 2733 surae

64 2758 70 2851 i
136 2777 408 2841 administrationis
431 2778 600 2841 imitaturos
622 2778 656 2857 iq
668 2783 822 2859 posterum
842 2796 963 2860 quoque
984 2779 1021 2841 ab
1050 2780 1133 2841 rtrnni
1153 2779 1256 2848 limi·⁴
1295 2784 1299 2851 i

65 2874 70 2915 ²
135 2894 293 2951 tancorum
316 2888 441 2951 militum
463 2907 500 2951 ac
522 2887 748 2952 foederatarum
770 2890 905 2971 gentium
929 2890 1135 2955 concussione
1157 2897 1238 2953 tem-
1296 2880 1298 2887 ’

70 2986 75 3133 ι
134 3004 295 3079 poraturos
325 3015 441 3079 suaque
467 2997 569 3061 otticia
594 2997 801 3079 prohibituros
825 3018 896 3063 esso
920 3001 1111 3063 conlidimus.
1154 3003 1234 3081 quod
1295 2972 1299 3081 i

134 3107 255 3189 siquid
279 3106 368 3169 buius
392 3106 474 3169 modi
498 3107 589 3170 luerit
612 3112 829 3189 perpetratum,
853 3110 1060 3189 apparitiones
1083 3129 1161 3192 quae
1187 3111 1234 3174 his
1295 3088 1298 3195 i

63 3140 75 3309 ξι
137 3216 356 3296 obsequuntur,
379 3215 540 3297 quadrupli
561 3216 744 3280 solutionem
766 3235 938 3298 agnoscere
956 3219 1064 3282 iisdem
1086 3220 1237 3284 addicen-

63 3334 67 3415 p
136 3328 264 3391 cendam
298 3327 444 3390 limitibus
484 3327 685 3407 imperamus:
721 3327 753 3390 id
787 3328 866 3390 edim
902 3329 974 3408 ipsis
1008 3347 1128 3410 qnoque
1160 3329 1235 3394 viris
1294 3312 1297 3403 ζ

63 3430 68 3535 ι
136 3437 380 3501 eminentissimis
397 3437 553 3520 magistris
574 3437 701 3499 militum
722 3438 850 3500 amicum
870 3455 1018 3500 essenon
1038 3438 1161 3501 dubium
1176 3447 1233 3521 cst,

136 3546 187 3626 qui
207 3564 328 3628 semper
350 3547 451 3610 omnia
474 3565 529 3610 sua
546 3547 727 3629 compendia
742 3564 798 3629 pro
822 3546 919 3627 salute
935 3547 980 3609 rei
1002 3546 1141 3628 publicae
1156 3567 1235 3614 cou-
1293 3582 1296 3641 Ι

61 3550 66 3767 ι
134 3662 337 3737 tempserunt:
369 3657 436 3737 quis
470 3657 549 3719 enim
581 3656 698 3719 dubitat
728 3673 782 3718 eos
810 3674 999 3719 eonunonem
1030 3662 1139 3721 statum
1169 3661 1233 3723 suis
1293 3646 1296 3651 ¹

132 3766 240 3848 opibus
262 3766 470 3849 praelaturos,
498 3768 547 3848 qui
572 3754 755 3831 detonsione
777 3772 900 3828 strenua
924 3766 1104 3849 bellicisque
1121 3770 1233 3833 conili-

134 3877 232 3940 ctibus
262 3877 419 3957 imperium
452 3884 587 3941 nostrane
618 3896 673 3941 suo
707 3896 801 3957 saepe
831 3879 972 3960 sanguini
1004 3879 1233 3959 praetulerunt?

69 3972 74 4061 i
131 3987 285 4050 universis
314 3986 461 4050 videlieet
489 3990 540 4069 qui
564 3988 623 4051 boc
645 3988 809 4050 arctandum
831 3994 921 4069 atque
949 3989 1083 4052 illicitum
1112 3991 1231 4055 lacinus

130 4102 309 4178 perpetrare
331 4098 531 4175 tentaverint,
560 4098 639 4161 aaleo
671 4104 730 4161 tam
765 4118 874 4162 sacrae
903 4101 1109 4163 annotationis
1141 4119 1230 4183 quam
1334 4102 1342 4115 '

69 4198 72 4209 '
130 4204 211 4286 legis
238 4208 447 4289 pragmaticae
477 4209 749 4288 mandatorumque
778 4215 952 4273 nostrorum
979 4210 1140 4287 subsidio,
1173 4211 1228 4272 etsi

69 4280 73 4363 i
131 4314 232 4397 aliqua
255 4315 385 4379 forsitan
407 4315 588 4399 obreptione
612 4318 794 4400 meruerint,
819 4318 1039 4399 excindendis,
1070 4325 1102 4381 ut
1129 4335 1229 4401 neque
