2918 4914
173 240 1404 292 §mh

257 389 1357 466 1072*maoramno'rmcccamm.rmrrosrrvmautoarmmrs.
1414 402 1415 407 ’

252 623 285 685 ln
307 620 445 686 Glossar.
457 641 487 683 v.
500 619 568 682 Leti
588 638 613 684 s.
629 620 723 700 Laeti3
741 636 842 702 neque
862 619 1056 702 Adelungins
1079 621 1111 682 in
1134 618 1359 702 glossariorum
1414 633 1416 668 ²

250 733 446 814 Duoangiani
462 731 760 812 carpenterianiqae
783 731 921 812 exemplo
945 730 983 794 ab
1007 730 1074 812 ipso
1097 728 1192 809 edito,
1216 732 1360 812 quamvis

251 845 291 908 ad
308 844 492 910 Gotbolredi
518 844 756 907 commentarios
778 839 912 907 lectores
927 842 1050 925 ableget
1064 847 1261 925 veterumque
1275 845 1360 908 scri·
1415 830 1420 871 ³

250 960 372 1038 plorum
395 955 434 1018 de
465 955 543 1018 laetis
567 954 656 1017 locos
683 953 855 1036 complures
881 954 1003 1036 alleget,
1027 955 1142 1017 rectius
1164 972 1230 1016 rem
1255 954 1358 1035 expll-

251 1066 353 1144 cavit3
376 1067 478 1129 statim
505 1065 544 1128 ab
575 1065 663 1127 initio
684 1064 757 1127 Leti
783 1064 887 1146 populi
913 1063 1170 1144 septentrionales
1193 1070 1357 1144 vocantur,

250 1176 302 1257 qui
333 1193 401 1237 cum
429 1175 557 1238 Francis
586 1174 716 1255 aliisque
744 1173 918 1238 nationibus
946 1172 1087 1237 barbaris
1115 1174 1147 1236 in
1171 1172 1301 1239 Galliam
1327 1180 1359 1239 et

252 1284 447 1349 Germaniam
468 1285 668 1365 irrupissent,
692 1284 796 1364 ibique
826 1284 949 1347 tandem
971 1284 1188 1364 imperatorum
1221 1303 1359 1349 conces-

249 1394 339 1459 sione
361 1393 589 1471 consedissent,
615 1393 752 1474 acceptis
777 1392 815 1456 ad
839 1393 1041 1455 excolendum
1057 1393 1151 1475 agris,
1175 1393 1217 1456 ita
1239 1400 1273 1456 ut
1297 1393 1358 1458 de-

248 1503 379 1566 lectibus
404 1508 435 1565 et
458 1504 586 1566 servitio
609 1502 733 1566 militari
758 1502 884 1566 obnoxii
905 1508 1012 1571 essent
1039 1500 1138 1577 (idem
1160 1503 1358 1586 Adelungius

247 1614 281 1675 ln
300 1619 428 1693 praedm.
447 1612 517 1675 ltrlt.
538 1611 684 1674 Wdrterb.
699 1613 749 1675 ed.
771 1612 806 1675 ll.
821 1633 850 1674 v.
864 1611 962 1674 basse
990 1612 1133 1676 vocabuli
1157 1618 1281 1695 etymon
1305 1613 1358 1676 in-

248 1729 365 1787 certum
391 1729 501 1801 vocat,
525 1723 743 1785 condicionem
767 1727 868 1786 autem
896 1721 1069 1801 hominum,
1092 1729 1124 1784 ut
1151 1724 1217 1786 lere
1239 1742 1359 1787 secun·
1413 1796 1414 1809 χ

247 1833 319 1897 dum
343 1834 391 1897 ius
402 1830 588 1898 Saxonicum
612 1853 649 1897 ea
673 1834 738 1910 luit,
763 1830 937 1908 describit).
960 1832 1086 1896 Rectius
1101 1832 1223 1914 quidem
1232 1833 1358 1897 Wacb-

245 1949 331 2007 torus
354 1943 385 2004 in
416 1941 553 2005 Glossar.
574 1962 604 2003 v.
624 1925 701 2003 breti
723 1959 778 2025 eos
800 1942 912 2005 milites
934 1943 1083 2006 barbaros
1108 1961 1125 2003 a
1146 1942 1295 2006 Romanis
1322 1944 1355 2006 in
1412 2004 1413 2020 ,

246 2054 344 2118 solnm
366 2062 496 2115 vacuum
521 2058 664 2133 receptos
687 2052 784 2115 tolsse
806 2053 948 2132 scripsit,
971 2050 1027 2115 sed
1046 2070 1125 2133 quae
1146 2051 1185 2115 de
1208 2053 1356 2116 vocabuli

245 2162 353 2250 drdpp
368 2162 758 2244 distinguendisqueLaetis
768 2162 904 2243 Litisque
916 2161 1041 2241 adiecit,
1056 2180 1093 2225 ea
1105 2161 1197 2224 nihili.
1208 2161 1356 2228 iacienda
1411 2172 1413 2202 ³

246 2288 318 2339 esse
339 2284 431 2354 supra
450 2272 741 2336 demonstravimus.
787 2271 961 2335 ilaltausius
984 2290 1039 2353 pro
1064 2290 1119 2336 suo
1143 2273 1298 2353 instituto,
1321 2270 1356 2338 ut

246 2384 304 2449 luit
325 2383 374 2447 vir
393 2383 544 2464 propositi
569 2389 678 2460 tenax,
704 2383 803 2445 solum
825 2380 990 2446 bassorum
1015 2400 1054 2445 ex
1077 2383 1144 2446 iure
1167 2383 1354 2449 Germanico

247 2493 465 2559 condicionem
487 2493 634 2574 respexit,
659 2510 760 2574 neque
782 2493 922 2556 deLaetis
937 2493 994 2556 sub
1006 2494 1214 2556 Romanorum
1227 2494 1354 2559 dicione
1410 2481 1412 2523 ³

246 2603 422 2667 constitutis
452 2603 548 2665 verba
580 2604 686 2666 iacere
717 2604 824 2666 voluit.
878 2602 1061 2666 bischoltius
1092 2609 1122 2665 et
1148 2603 1295 2668 lldllerus
1314 2607 1353 2685 ⁸³,
1410 2585 1412 2659 l

246 2713 378 2777 aliorum
406 2713 538 2794 vestigia
568 2713 635 2775 sive
663 2717 748 2776 recta
779 2713 847 2775 sive
877 2712 954 2776 salsa
978 2729 1120 2792 premere
1144 2713 1226 2775 soliti
1250 2712 1353 2778 Laetos
1410 2703 1411 2719 ³

244 2823 387 2909 populum
413 2822 530 2886 Galliae
558 2822 616 2884 sub
644 2822 852 2887 Romanorum
882 2809 1012 2885 tuitione
1034 2823 1197 2904 degentem
1222 2824 1351 2887 iaciunt.
1409 2820 1411 2896 J

244 2937 279 2999 ln
303 2932 518 2997 Forcolliniani
550 2932 642 2996 lexici
666 2934 850 2996 Germanico
874 2931 1041 3013 exemplari
1071 2950 1149 3013 quae
1173 2932 1213 2994 de
1236 2933 1352 2997 eondi-
1408 2916 1411 2968 J

243 3047 335 3109 clone
357 3046 509 3107 beatorum
533 3044 749 3125 proteruntur,
775 3044 850 3106 terri
874 3042 996 3124 quidem
1019 3048 1165 3124 possunt3
1186 3043 1243 3105 sed
1266 3045 1350 3125 quod
1407 3023 1410 3091 l

244 3156 388 3232 adicitur,
409 3171 426 3215 a
445 3153 560 3217 laelitta'
576 3154 730 3234 animique
742 3153 900 3216 alacritate
917 3166 972 3214 eos
988 3152 1222 3234 cognominatos
1238 3153 1350 3232 luisse,
1408 3147 1409 3198 l

241 3266 275 3330 id
287 3282 351 3330 non
368 3265 467 3328 solum
480 3264 677 3343 veritati,sed
691 3264 719 3327 ei
732 3274 853 3344 quoque
864 3261 946 3342 quod
957 3263 1144 3342 sepeliebat
1157 3261 1350 3343 ipsiquidem
1408 3263 1409 3298 ³

242 3392 307 3440 non
331 3394 417 3453 vero,
443 3375 629 3438 contrarium
655 3379 719 3452 est,
742 3392 811 3437 nam
834 3373 912 3434 baec
934 3370 1053 3435 addidit
1075 3372 1226 3452 scriptor:
1256 3372 1349 3449 „binc
1408 3387 1409 3408 ¹

240 3487 321 3568 apud
345 3482 486 3550 Saxones
515 3484 636 3560 tossen,
660 3483 739 3564 apud
769 3483 948 3546 Sicambros
976 3481 1099 3555 lotbtn,
1127 3481 1211 3562 apud¹
1229 3482 1349 3547 Frisios

239 3597 312 3659 ta'tcn
330 3596 423 3659 iidem
447 3597 520 3658 dicti
538 3600 608 3658 sont
628 3615 646 3657 a
666 3594 763 3657 verbo
785 3583 975 3655 Theutonleo
996 3592 1108 3675 tossen,
1131 3610 1268 3671 servare,
1296 3595 1348 3675 qui

239 3703 323 3768 servi
348 3704 427 3784 apud
450 3705 634 3767 Romanos“.
689 3703 773 3765 llaec
795 3706 880 3764 eerte
910 3698 1038 3763 meliora
1064 3712 1126 3761 non
1156 3706 1226 3763 sunt
1255 3716 1347 3781 quam
1408 3681 1409 3709 ³

241 3862 273 3873 σ-
279 3858 536 3871 -φ--ι--α

341 3967 376 4031 ³³)
402 3963 522 4014 ll'drterb.
534 3964 615 4014 der...
627 3964 720 4030 Geopr.
737 3962 932 4015 doctiores.
946 3978 970 4028 p.
983 3963 1044 4016 oto.
1058 3963 1135 4029 ,bati
1147 3963 1238 4034 (teti),
1259 3963 1345 4014 Amm.

241 4059 421 4120 ttarc.x1v.;
446 4058 508 4110 Vollr
519 4059 547 4109 in
558 4059 672 4121 (lauden,
690 4067 767 4110 untes
784 4064 848 4110 rom.
861 4059 980 4122 Scitam,
999 4060 1129 4113 odellee'clat
1146 4070 1197 4111 oott
1216 4059 1266 4110 den
1279 4059 1345 4111 Ate.

237 4172 353 4210 mannen
372 4155 560 4217 abstommend,
580 4173 656 4208 menn
674 4157 745 4208 uiolet
766 4158 809 4207 cin
820 4156 1010 4208 Hissoerstond
1027 4175 1075 4209 ons
1093 4161 1185 4226 [repon
1197 4157 1345 4209 Dmtsclren

239 4251 522 4306 aromtr'nrctooott
549 4255 627 4304 uroeti
649 4255 685 4323 ΓΞ]
709 4254 812 4321 celeps.
852 4252 931 4305 Certo
957 4268 1030 4305 error·
1055 4254 1106 4306 boe
1134 4254 1213 4305 lcaier
1240 4268 1342 4306 comma

237 4350 396 4419 procreavit.
