2918 4914
110 224 1318 281 erxst

1303 277 1321 342 Ι

476 396 683 446 cna.uxr111.
704 396 745 443 nu
770 397 838 444 ano.
855 372 931 446 85*.
1157 374 1249 446 597*

879 527 1253 540 -.-.-.....-.-.---,-.

147 594 268 659 vincias
287 598 464 676 tractusque
477 593 545 657 sive
567 593 691 672 limites]
717 593 839 671 creatis,
862 592 1071 675 Argentorato
1086 598 1117 655 et
1129 592 1252 656 Tractui

148 706 216 770 eius
239 704 382 785 proprius
409 703 519 767 Comes
539 703 671 784 praefuit
692 720 760 767 cum
784 703 909 767 rnilitum
927 720 1029 787 manu,
1054 703 1165 767 Comes
1187 704 1252 767 Ar-

148 815 380 900 gentoratensis
415 819 615 895 nuncupatus.
668 813 785 887 Quodsi
818 814 1051 894 biunieipiorum
1081 814 1148 876 iure
1180 819 1253 877 tunc

145 943 204 989 usa
231 925 289 988 suit
318 925 565 1007 memoratus,
589 928 622 985 ut
642 923 821 986 Ammianus
843 924 921 1003 [XV.
941 924 989 1001 11,
1003 924 1048 1004 8.]
1072 921 1104 984 id
1134 922 1252 1042 scribit)

147 1036 260 1100 Comes
284 1036 316 1097 in
344 1034 421 1098 urbe
442 1033 586 1098 Militaria
611 1039 724 1096 tanturn
748 1033 905 1111 tractavit,
931 1049 993 1094 non
1017 1032 1142 1111 Civilia;
1172 1050 1254 1114 quo-

148 1147 232 1211 niam
255 1145 431 1209 Iurisdictio
452 1144 484 1207 in
503 1144 677 1225 biunicipiis
700 1164 718 1207 a
740 1143 872 1225 propriis
884 1142 1112 1226 blagistratibus
1134 1143 1254 1225 pende-

150 1256 220 1335 bat3
244 1261 336 1337 atque
355 1255 483 1337 insuper
503 1254 652 1318 Comitum
671 1254 850 1335 Ducumque
871 1259 1007 1334 potestas
1030 1253 1170 1317 militaris
1191 1259 1252 1316 tum

148 1366 340 1449 potissimum
358 1365 469 1445 fuerat,
490 1382 581 1445 quum
599 1347 632 1428 'et
654 1365 711 1446 ipsi
726 1364 906 1446 pierumque
928 1365 959 1426 in
984 1363 1130 1427 limitibus
1151 1381 1253 1445 pone-

150 1481 285 1540 rentur“.
317 1473 465 1552 [Comites
485 1474 533 1536 rei
554 1454 694 1536 militaris
715 1473 830 1554 pariter
853 1479 943 1554 atquc
954 1472 1058 1537 Duces
1070 1490 1177 1542 omues
1191 1490 1253 1536 non

151 1585 212 1649 nisi
230 1583 374 1647 militaria
396 1584 582 1663 tractabant,
611 1583 671 1647 nisi
695 1602 761 1645 cum
791 1583 838 1647 rei
860 1583 1000 1646 militaris
1024 1601 1097 1648 cura
1124 1584 1254 1666 provin-

154 1695 221 1758 ciae
245 1692 439 1774 praesidatus
463 1693 494 1755 in
516 1693 654 1757 ciusdem
675 1693 808 1756 rectoris
828 1711 961 1774 persona
983 1692 1165 1758 coniunctus
1186 1694 1252 1773 suit,

154 1804 240 1868 utin
264 1803 382 1868 comite
404 1804 451 1868 rei
480 1803 620 1867 militaris
644 1809 674 1866 et
695 1803 840 1866 Praeside
863 1802 1020 1882 isauriae,
1050 1809 1080 1867 et
1107 1804 1138 1865 in
1169 1805 1253 1868 Duce

154 1934 189 1980 ac
210 1914 358 1979 Praeside
377 1914 586 1979 Mauretaniae
599 1914 811 1978 Caesariensis
826 1913 970 1990 uidimus]
986 1913 1115 1993 „Comiti
1128 1914 1255 1997 Argen-

154 2026 301 2091 toratensi
323 2024 489 2107 praecipua
512 2024 637 2087 suberat
658 2023 850 2087 nobilissima
864 2023 1027 2086 Armorum
1045 2023 1177 2087 omnium
1192 2025 1253 2088 Fa-

156 2135 261 2215 brica,
285 2136 317 2197 in
344 2134 395 2198 iila
422 2134 501 2198 urbo
532 2153 548 2195 a
572 2133 717 2197 Romanis
745 2133 887 2196 stabilita.
930 2134 999 2197 Fuit
1020 2135 1101 2197 enim
1123 2140 1154 2196 et
1174 2134 1253 2199 baec

159 2261 216 2308 aaa
238 2264 276 2309 cx
297 2245 470 2326 praecipuis
497 2242 698 2327 Argentorati
728 2242 893 2307 decoribus
917 2249 1002 2310 etc.“
1048 2243 1183 2322 [Frustra
1215 2245 1254 2308 de

161 2352 217 2419 bac
231 2352 349 2425 fabrica
370 2354 483 2417 bonum
507 2352 750 2434 Schoepssinum,
777 2352 828 2433 qui
853 2370 915 2414 non
946 2353 987 2417 ita
1008 2352 1108 2416 bonus
1136 2354 1256 2416 consti-

158 2463 279 2527 tutionis
304 2463 424 2544 imperii
443 2465 530 2528 Rom.
546 2463 697 2543 interpres
720 2461 794 2543 suit,
817 2461 979 2545 gloriatum
1003 2481 1073 2526 esse
1092 2476 1201 2544 supra,
1223 2481 1253 2545 p.

155 2572 240 2639 316⁵.
254 2573 293 2636 ad
306 2591 335 2655 p.
346 2572 414 2637 43⁴.
428 2575 456 2650 ι.
473 2573 522 2637 96.
537 2573 709 2652 docuimus,
732 2591 842 2654 neque,
865 2573 892 2636 si
915 2573 1093 2651 exstitisset,
1115 2575 1172 2637 sub
1188 2573 1256 2638 dis-

151 2682 307 2766 positione
328 2685 375 2746 rei
403 2683 542 2747 militaris
565 2683 713 2762 Comitis,
736 2683 792 2746 scd
819 2682 875 2745 sub
902 2683 1051 2765 Magistro
1075 2683 1253 2747 Officiorum

152 2795 270 2874 fuisset,
298 2799 330 2856 ut
351 2814 390 2857 ex
415 2812 453 2857 co
476 2795 544 2875 ipso
568 2792 769 2875 capiteViiI.‚
792 2792 845 2855 ubi
866 2793 905 2855 de
924 2793 1182 2876 Argentoratensi
1205 2795 1255 2859 sa-

150 2904 237 2970 brica
260 2905 407 2986 scriptum
431 2922 502 2969 esse
525 2923 582 2986 per
604 2922 741 2969 errorem
754 2909 946 2985 putaverunt,
974 2905 1188 2987 Schoepssinus
1202 2907 1255 2971 di-

151 3014 266 3079 dicisse
290 3013 445 3095 debebat]
489 3014 535 3078 De
556 3014 632 3078 sede
645 3013 734 3078 buius
751 3013 878 3077 Comitis
901 3021 1039 3095 nonest,
1062 3015 1144 3097 quod
1157 3016 1253 3081 verba

149 3122 321 3204 iaciamus,
345 3140 413 3187 curn
435 3105 490 3206 per
516 3143 551 3188 se
574 3124 649 3187 satis
672 3129 816 3188 constare
838 3124 998 3205 videatur,
1024 3125 1054 3187 in
1084 3126 1160 3190 urbe
1189 3127 1254 3190 Ar-

147 3234 360 3320 gentoratensi
384 3253 451 3298 eam
475 3234 581 3300 iuissc.

230 3377 274 3394 -·
294 3343 321 3420 i.
345 3345 390 3426 9.]
413 3347 537 3425 eiorpaa
559 3342 700 3424 insipnio.
722 3343 793 3406 add.
816 3344 871 3405 ιιι

231 3453 467 3536 inscriptionem
489 3453 569 3518 liber
593 3452 806 3517 mandatorum
827 3455 859 3517 in
880 3446 906 3516 ι
931 3469 995 3517 ιιοιι
1017 3454 1109 3518 habet
1121 3477 1131 3534 ;
1153 3453 1188 3520 in
1204 3462 1253 3519 bar
1303 3530 1305 3534 ¹

146 3563 257 3628 eadem
279 3569 369 3645 atque
392 3565 423 3627 in
444 3572 617 3630 ceterorum
638 3563 788 3627 Comitum
802 3565 981 3646 Ducumque
1003 3564 1177 3648 insignibus
1194 3584 1252 3632 cx-

144 3689 254 3754 prcssa
275 3671 374 3737 datur.
882 3725 884 3728 ι

232 3819 273 3831 -
295 3784 323 3860 t.
348 3782 393 3864 6.]
417 3784 474 3850 Hic
494 3786 524 3867 pt.
548 3785 638 3869 nigro
663 3785 769 3852 colore
785 3788 817 3850 in
836 3800 912 3847 aras.
933 3790 1085 3855 exhibitus
1105 3794 1164 3874 est,
1186 3808 1251 3857 non

146 3891 263 3974 rubro,
287 3899 320 3957 ιιι
341 3912 370 3976 p.
386 3895 453 3960 842
469 3897 496 3987 ι.
511 3894 541 3959 4.
562 3934 601 3944 -
632 3897 758 3971 Tractus
787 3899 1062 3982 Argentoratensis
1097 3903 1173 3969 irnes
1211 3923 1252 3972 ex

146 4002 298 4085 capitibus
309 4003 434 4069 XXXV.
448 3990 480 4069 et
489 4004 629 4073 XXXIX.
644 4008 765 4072 definiri
787 4017 929 4090 possunt:
952 4012 1010 4075 sub
1023 4012 1110 4077 Duco
1129 4014 1250 4097 Sequa-

144 4113 207 4177 nici
231 4114 323 4180 Oiino
347 4115 414 4195 suit,
440 4132 531 4196 quem
548 4118 648 4181 locum
670 4121 701 4181 in
725 4121 900 4185 recentiore
923 4119 1094 4207 Octcnburp
1107 4143 1132 4189 s.
1144 4125 1249 4188 Eden-

144 4221 221 4305 bury
241 4240 338 4306 prope
353 4225 474 4289 Novum
496 4227 665 4292 Brisiacum
690 4230 721 4292 in
744 4230 924 4317 Sundgovia
948 4235 1157 4316 quaerendum
1177 4252 1248 4299 esso

143 4332 227 4419 inira
247 4333 508 4402 demonstrabitur
516 4359 525 4418 3
546 4340 702 4405 Saletione
727 4347 838 4423 autem,
861 4343 881 4407 i.
894 4363 922 4409 e.
939 4345 992 4409 ubi
1016 4345 1088 4410 hod.
1103 4344 1247 4428 oppidum
1270 4387 1292 4420 0
