2918 4914
245 378 357 450 1196*
373 400 537 450 innocen
554 400 705 449 nonocc.
716 400 781 449 cur.
793 402 881 450 nunt.
893 401 1063 450 ratramne
1082 400 1232 451 runrnrcr.

240 599 273 662 in
295 598 424 663 Colonia
448 598 573 666 Claudia
598 601 719 680 Celeia,
749 602 836 665 cuius
859 601 917 664 hae
947 601 1152 683 adpellatione
1174 604 1348 667 meminere

243 710 465 793 inscriptiones
487 713 625 794 reliquae
644 712 756 795 [Grut]
772 712 884 793 386,3.
896 713 970 792 482,
981 714 1008 776 7.
1025 719 1056 775 et
1078 713 1218 778 fortassis
1230 715 1306 793 556,
1315 716 1345 778 7.
1407 760 1411 771 .

241 821 308 885 sive
329 821 526 903 Municipium
555 821 677 900 Celeia,
701 824 743 884 uti
764 827 896 921 vocaturn
915 823 946 886 in
969 822 1195 902 Celeian0115‚
1209 824 1238 886 5.
1255 824 1345 903 tuot,

242 929 272 993 6:
283 930 441 1011 municipii
463 931 627 1014 celetem,
650 932 837 1014 praetorium
858 932 1010 996 Praesidis
1030 933 1137 997 Norici
1157 932 1347 997 Mediterra-
1407 968 1410 973 ·

241 1041 310 1120 nei,
333 1040 376 1104 uti
394 1040 536 1122 Ripensis
558 1042 726 1123 Laureaci‚
754 1042 806 1105 ubi
826 1041 918 1105 hodie
939 1042 1065 1105 Ensium
1085 1042 1230 1106 Austriae
1250 1060 1346 1125 supo-
1407 1044 1411 1071 ¹

240 1150 335 1213 rioris
357 1150 454 1215 tuisse
472 1152 667 1233 perspicitur.
710 1152 892 1216 Soluensem
911 1152 1064 1216 coloniam
1080 1152 1263 1233 metropolin
1279 1151 1345 1216 iio-

240 1259 300 1322 rici
324 1260 540 1325 mediterranei
564 1262 638 1325 iacit
658 1262 768 1325 Lazius
790 1261 973 1326 tinctor.
991 1266 1100 1327 eteius
1120 1261 1258 1327 Praesidi
1276 1281 1345 1325 eam
1406 1246 1409 1251 ⁵

240 1369 348 1434 sedem
369 1371 506 1435 attribuit
513 1393 522 1450 ;
552 1371 608 1436 sed
629 1391 647 1434 e
668 1373 846 1437 coniectura
865 1379 996 1453 tantum,
1020 1390 1088 1436 cum
1115 1373 1191 1437 alius
1213 1372 1346 1437 idoneus

240 1482 328 1545 testis
347 1480 447 1545 nullus
468 1482 534 1544 sit‘t
589 1481 646 1544 Pro
673 1482 858 1546 Reinesiana
883 1483 1033 1546 sententia
1058 1483 1132 1547 tacit
1159 1483 1252 1547 etiam
1276 1502 1346 1546 ma-

240 1607 320 1673 gnus
340 1608 436 1672 prope
458 1590 593 1654 Ceteiam
607 1597 798 1671 repertorum
820 1590 975 1655 titulorum
997 1609 1152 1670 numerus,
1174 1610 1214 1657 ex
1234 1591 1346 1673 quibus
1405 1604 1408 1615 ·

240 1699 323 1764 hunc
345 1718 386 1764 ex
404 1700 555 1765 Muciarii
576 1700 656 1764 libro
679 1704 727 1763 cit.
740 1700 763 1762 t.
774 1719 802 1782 p.
818 1701 890 1765 364.
904 1702 1112 1766 transcribere
1130 1691 1233 1764 iuvat:
1322 1748 1345 1764 ..

239 1833 637 1874 nto10.n.tt.cortsunttnttt1.
648 1835 770 1874 otnxtmt.
781 1835 1053 1876 vtotoatostssttn.
1066 1836 1187 1875 SEMPER.
1199 1836 1271 1875 Avo.
1287 1837 1347 1876 rte·-
1404 1850 1407 1871 ι

240 1942 319 1985 nont.
334 1946 366 1985 tt.
383 1945 500 1984 anneot.
516 1945 698 1985 MAXIMUM.
715 1945 760 1985 ET·
773 1945 817 1984 1³1..
835 1945 1016 1985 constant.
1028 1945 1182 1986 Dtvonvm.
1196 1944 1244 1983 ET·
1263 1944 1345 1984 Divi·
1405 1900 1407 1905 Ι

241 2055 528 2097 contemnentem.
544 2056 661 2095 nontct.
675 2055 820 2095 montona.
830 2056 955 2096 nevort.
970 2056 1092 2096 nvntttt.
1102 2054 1346 2109 mitterentque·
1404 2024 1407 2049 Ι

241 2166 357 2206 sorva.
392 2143 489 2218 Quem
511 2160 588 2205 uero
609 2141 761 2206 honorem
780 2142 902 2206 celeiae
916 2143 1077 2207 Rcinesius
1093 2149 1198 2206 contra
1221 2143 1347 2206 Lazium
1403 2132 1405 2137 ’

241 2251 403 2316 vindicare
418 2252 528 2332 voluit,
551 2251 682 2317 eundem
703 2271 810 2316 versus
831 2269 908 2334 quos
930 2271 959 2334 p.
975 2253 1063 2316 745‘.
1078 2252 1272 2334 protulimus,
1284 2252 1346 2315 aci-
1403 2276 1406 2311 t

238 2362 377 2428 iudicant
399 2364 553 2428 luvaniae.

645 2483 729 2492 ..ι-...-
738 2484 778 2490 ...n
794 2482 850 2489 ...ο-
862 2482 883 2489 -·
893 2482 924 2489 ..-

326 2549 456 2631 Accipio
466 2566 568 2628 omen‚
579 2549 660 2630 quod
672 2548 704 2611 in
716 2548 838 2612 Iuvavia
848 2546 900 2610 hic
913 2547 1150 2612 commentarius
1162 2548 1346 2613 meusdesi-

239 2659 294 2738 nit,
317 2676 407 2740 quem
429 2659 547 2721 iuvenis
568 2657 724 2736 incohavi,
748 2657 809 2719 iam
833 2634 1148 2722 versus⁸seneotutem
1168 2657 1345 2727 declinante

240 2772 341 2831 aetate
355 2787 423 2832 mea
444 2786 508 2830 non
532 2774 592 2830 tam
617 2766 827 2833 consummavi
848 2784 938 2847 quam
959 2766 997 2829 ad
1018 2766 1108 2839 finem
1132 2768 1273 2849 perduxi
1306 2768 1346 2833 Et

239 2874 300 2939 iarn
316 2894 384 2939 cum
398 2875 693 2956 eodemPanciroto,
718 2877 768 2938 cui
791 2875 841 2937 hic
864 2875 953 2955 liber,
977 2893 1050 2939 suos
1065 2876 1157 2940 etiam
1177 2883 1208 2941 et
1230 2877 1347 2945 adver-

240 2985 341 3051 sarios
367 2993 398 3050 et
420 2987 556 3051 aemulos
581 2986 653 3050 olim
681 2986 860 3065 habiturus,
880 2986 993 3049 totiens
1016 2985 1176 3050 oblocutus
1199 2992 1267 3066 est,
1297 2986 1346 3049 his

239 3096 344 3161 verbis
366 3097 513 3161 tectorem
534 3097 640 3163 vetere
667 3097 775 3160 iubeo:
805 3097 877 3176 „His
899 3096 1043 3160 Notitiam
1071 3096 1190 3177 imperii
1214 3096 1346 3161 Romani
1437 3144 1440 3151 ι

238 3225 296 3289 pro
320 3208 437 3289 ingenii
460 3209 520 3271 mei
542 3208 688 3271 tenuitate
709 3206 904 3287 interpretari
926 3223 992 3269 sum
1013 3211 1152 3285 conatus,
1170 3205 1253 3286 quod
1268 3223 1345 3287 opus

241 3336 309 3380 cum
339 3319 378 3381 sit
404 3319 538 3381 omnium
562 3316 813 3380 obscurissimum
836 3322 865 3379 et
886 3316 1001 3398 ignotis
1024 3315 1255 3396 antiquitatibus
1276 3315 1347 3396 ple-

238 3444 323 3506 num,
347 3426 419 3490 mihi
443 3428 521 3491 torte
548 3428 662 3491 erranti
686 3426 908 3510 ignoscentium
932 3427 1009 3504 crit,
1032 3443 1091 3488 nec
1120 3430 1223 3491 votum
1247 3425 1347 3489 arrtua

240 3537 376 3601 audendi
402 3538 616 3603 damnandum.
650 3536 727 3600 Nam
743 3536 768 3599 si
792 3535 873 3603 atiud
893 3553 955 3599 non
981 3534 1128 3614 effecero,
1151 3532 1261 3607 saltem
1275 3534 1349 3597 otiis

185 3658 187 3663 ·
239 3647 449 3729 probabiliora
475 3646 600 3712 dicendi
623 3646 823 3710 occasionem
845 3645 1027 3726 praebebo‘e
