2918 4914
93 222 1323 279 «ΜΟ

345 382 627 433 corrasissen-
653 360 1044 436 soraee.123*·..128*.
1132 368 1244 438 1153*

142 584 225 649 nia'm
245 583 435 662 numeravit,
456 584 539 647 unde
561 584 703 648 utensilia
732 583 830 648 locari
854 584 1014 649 desiermrt
1037 586 1242 663 (Diondass.

141 694 216 759 Llll.
231 696 308 774 lo).
340 693 533 776 Tranquillus
556 695 604 771 (in
625 696 706 778 Aug.
720 695 973 775 c.36.)‘Anctor'
990 697 1088 777 inquit
1103 690 1182 778 init,
1205 715 1246 765 ne

141 805 340 890 magistratus
360 805 501 887 deposito
523 806 643 870 honore
664 807 766 870 statim
788 808 820 869 in
842 807 1019 889 provincias
1042 809 1246 891 mitterentur,

141 920 174 979 ut
192 914 432 979 Proconsulibus
455 916 494 978 nd
519 916 631 993 [mulos
654 919 696 1001 et]
718 917 928 998 tabernacula,
952 936 1031 1000 quae
1052 919 1175 1000 publice
1197 919 1248 982 lo-

141 1025 209 1090 cari
229 1024 390 1105 solebant,
413 1031 497 1089 certa
519 1027 649 1106 pecunia
673 1027 927 1092 constitueretur'.
972 1028 1084 1092 Verum
1106 1029 1247 1093 Alexan·

141 1134 199 1199 der
220 1135 290 1216 imp.
304 1153 422 1200 morem
444 1137 601 1218 antiquum
628 1138 806 1202 renovavit:
827 1138 1019 1220 Lampridius
1044 1139 1090 1216 [in
1105 1139 1155 1202 Al.
1174 1140 1245 1205 Sev.

141 1262 170 1308 c.
179 1244 341 1326 421‘Gum
363 1245 493 1310 iudices'
510 1244 783 1330 ait‘promoveret,
807 1248 947 1329 exemplo
963 1254 1100 1312 veterum
1115 1255 1246 1333 argento

140 1359 173 1417 et
191 1355 381 1419 necessariis
404 1357 583 1436 instruebat,
605 1358 647 1422 ita
670 1363 704 1419 nt
722 1357 882 1438 praesides
904 1358 1134 1440 provinciarum
1158 1359 1248 1422 acci-

140 1469 250 1546 perent
279 1466 400 1548 argenti
424 1468 529 1548 pondo
559 1468 691 1547 vicena,
722 1466 840 1548 phialas
869 1486 985 1548 senas,
1016 1468 1115 1532 mulos
1144 1468 1245 1550 binos,

141 1580 251 1656 [equos
267 1574 385 1657 binos,]
400 1583 503 1640 vestes
525 1578 668 1643 forenses
693 1578 794 1658 binas,
818 1578 1006 1642 domesticas
1029 1578 1247 1664 singulas1bi-

139 1703 197 1750 nas
216 1693 271 1767 221,
294 1686 457 1753 balneares
479 1687 629 1770 singrdas,
657 1704 753 1752 cocos
771 1688 923 1771 singulos,
947 1707 1059 1752 aureos
1084 1695 1245 1770 centenos,

140 1802 171 1860 et
191 1795 219 1861 si
239 1812 354 1860 uxores
376 1813 440 1859 non
468 1796 634 1877 haberent,
665 1797 804 1880 singulas
832 1798 1040 1878 concubinas,
1072 1798 1155 1879 qnod
1178 1797 1247 1861 sino

139 1903 189 1970 iris
209 1924 281 1970 csse
302 1923 365 1969 non
382 1913 520 1986 possent,
543 1907 695 1971 reddituri
708 1907 848 1989 deposita
867 1908 1145 1987 administratione,
1164 1915 1247 1986 [mu-

139 2016 210 2095 lasl,
233 2015 343 2095 mutos,
366 2016 517 2079 muliones
541 2023 598 2098 [et]
623 2035 730 2097 cocos,
754 2024 858 2082 cetera
876 2017 936 2081 sibi
952 2017 1096 2098 babituri,
1120 2019 1146 2081 si
1163 2018 1246 2084 bene

140 2125 280 2208 egissent
303 2132 351 2203 [se
370 2126 526 2209 gesserint
544 2135 606 2206 up,
637 2127 669 2188 in
691 2125 892 2207 quadruplum
913 2127 1081 2207 reddituri,
1104 2128 1133 2191 si
1154 2126 1246 2208 maie,

139 2241 263 2318 praeter
274 2235 564 2300 condemnationem
576 2243 627 2300 aut
639 2236 796 2318 peculatus
813 2240 865 2300 aui
877 2234 1131 2318 repetundarum’.
1158 2237 1246 2300 Con-

139 2344 292 2409 stantinus
312 2363 436 2426 quoqne
457 2346 495 2408 iis
518 2345 662 2409 alimenta
690 2345 883 2426 praestitisse
904 2346 1026 2408 videtur
1047 2347 1098 2425 (L.
1115 2349 1143 2410 2.
1161 2346 1193 2408 G.
1206 2347 1246 2411 do

140 2472 234 2519 cumn
253 2455 334 2536 publ.
349 2457 510 2533 xll.51.).
545 2457 719 2538 [„Ceternm
739 2466 841 2537 noque
864 2456 975 2519 Comiti
995 2473 1095 2537 neque
1119 2457 1247 2520 Rectori

138 2567 320 2648 provinciae
340 2567 408 2648 plns
436 2567 551 2648 aliquid
576 2567 801 2649 praestabitur,
825 2586 916 2649 quam
943 2585 1002 2631 nos
1030 2569 1245 2633 concessimus

139 2676 174 2738 in
194 2676 325 2739 annonis
342 2693 398 2739 seu
413 2676 582 2740 cclbriis‘:
606 2676 797 2741 Grat.Vai.et
806 2677 860 2739 Th.
869 2678 902 2740 L.
911 2676 941 2741 4.
949 2676 1005 2740 Tb.
1017 2677 1051 2740 0.
1066 2677 1105 2740 de
1117 2676 1170 2740 off.
1182 2677 1247 2742 iuda

140 2802 221 2850 omn.
233 2785 451 2867 ramesse]
474 2787 536 2851 Sed
552 2788 641 2850 etiam
657 2787 887 2870 magistratibus
907 2787 1068 2868 pecuniam
1090 2788 1248 2851 numerari

139 2895 332 2961 'ibeodosius
354 2897 456 2960 minor
475 2898 632 2979 praecepit
643 2898 692 2974 (b
703 2900 730 2960 1.
740 2898 773 2961 C.
783 2897 822 2961 de
836 2898 969 2961 annonis
986 2903 1016 2961 ot
1030 2898 1120 2979 capit.
1131 2897 1153 2960 Ι.
1164 2899 1248 2980 bb),

139 3022 230 3088 quem
250 3006 437 3071 Iustinianus
459 3014 585 3071 secutus
600 3026 655 3088 pro
678 3008 801 3091 singula
824 3024 958 3085 annona,
980 3010 1000 3071 i.
1013 3028 1041 3073 c.
1056 3009 1139 3071 victu
1154 3010 1249 3072 unius

138 3116 273 3181 bominis
293 3114 414 3179 solidos
437 3117 462 3179 V
486 3118 613 3194 taxavit,
635 3135 691 3197 pro
716 3117 913 3198 capitatione,
936 3118 956 3179 i.
975 3136 1002 3181 c.
1020 3116 1138 3197 pabulo
1155 3118 1247 3181 nnius

140 3226 212 3307 equi
226 3225 346 3289 solidos
359 3224 421 3288 illi.
433 3226 506 3302 (LL.
519 3227 545 3288 1.
559 3227 588 3288 9.
600 3224 633 3288 0.
647 3224 687 3288 dc
697 3224 778 3307 [cii]
788 3225 819 3287 Ρ.
828 3226 858 3286 Ρ.
874 3225 955 3303 [Afr.
964 3227 986 3289 1.
999 3226 1092 3304 97·])·
1117 3225 1249 3288 Andro-

140 3336 229 3401 nicus
250 3335 427 3400 comnenus
449 3335 520 3418 imp.
533 3334 706 3398 minoribus
726 3334 957 3416 magistratibus
976 3333 1022 3399 ,40
1042 3335 1151 3415 minas,
1175 3353 1246 3399 ma-

141 3446 259 3510 ioribus
282 3447 335 3526 80,
357 3447 376 3509 i.
394 3466 421 3510 e.
438 3447 501 3510 400
522 3452 552 3509 et
574 3446 635 3509 800
660 3450 785 3508 nostros
807 3461 920 3508 aureos
944 3443 1047 3525 dedit,
1072 3445 1247 3510 arctissime

144 3556 356 3639 praecipiens,
386 3575 426 3619 ne
457 3554 530 3638 qnid
554 3554 636 3618 aliud
664 3555 844 3635 acciperent
865 3553 980 3632 (Nicet.
994 3554 1047 3618 tib.
1059 3554 1131 3633 11.);
1154 3560 1246 3619 antea

140 3666 222 3729 enim
245 3664 371 3748 civitas,
392 3666 423 3727 in
448 3683 538 3746 quam
559 3682 686 3745 praeses
707 3664 791 3743 ibat,
815 3682 884 3727 eum
907 3664 1119 3745 pertriduum
1144 3662 1247 3729 alebat

140 3776 212 3839 eti‘.
221 3775 252 3839 Ρ.
263 3776 447 3857 praestanda
470 3774 612 3838 elimenta
634 3774 866 3855 praescribebat
878 3774 1013 3850 (Noveli.
1023 3773 1185 3838 Maiorian.
1198 3774 1245 3837 tit.

143 3884 167 3948 1.
177 3885 218 3950 de
232 3885 403 3965 curialib.).
435 3884 493 3948 Ubi
515 3901 683 3948 successor
706 3885 737 3947 in
758 3884 950 3964 provinciam
972 3885 1120 3963 venisset,
1143 3885 1245 3948 statim

143 3996 301 4060 discessor
323 3996 486 4059 discedere
514 3995 692 4075 tenebatur,
716 4011 774 4059 nec
797 3995 874 4058 nitra
902 4000 964 4058 tres
988 4012 1111 4058 menses
1142 3996 1173 4057 in
1194 3995 1248 4058 iti-

140 4123 217 4170 nere
237 4112 380 4188 poterant
399 4105 525 4169 morari.
546 4106 680 4180 (bib.
692 4106 731 4169 ad
743 4105 839 4169 niul.
853 4105 971 4169 maiest.
983 4104 1112 4169 xnvrn.
1124 4104 1167 4184 4.,
1185 4106 1246 4168 Dio

142 4217 317 4295 Cassio.)
339 4218 499 4300 Augustus
523 4217 690 4296 constituit,
714 4233 754 4278 ne
776 4214 856 4279 nilus
878 4217 1086 4299 magistratus,
1110 4216 1172 4279 nisi
1193 4215 1245 4278 iu-

141 4328 234 4393 bente
246 4327 567 4416 principe,pecupiam
579 4326 760 4408 provinciae
776 4326 953 4407 imperaret:
964 4326 1015 4406 qui
1029 4325 1091 4388 hoc
1102 4325 1245 4404 iecisset,

93 4531 1320 4593 ΜΝ»
