2918 4914
321 403 389 451 car.
401 377 517 451 xxxvi.
554 405 594 450 ao
622 405 690 451 ene.
705 378 1090 485 107*.tt.1‚0...1d.cq.
1168 380 1260 459 833*

153 606 232 669 Daci
253 604 400 668 suberant
422 609 512 684 atque
533 604 570 666 ad
594 603 732 668 Linritera
757 605 800 668 illi
824 606 968 669 tuendum
984 608 1182 672 commissum
1203 628 1260 676 eac

155 732 278 798 quoque
304 720 406 795 partes
425 713 638 795 pertinebant,
663 713 694 776 in
716 732 791 796 epuns
822 732 878 796 per
907 717 1094 799 navigabilia
1121 718 1261 799 flumina,

154 831 253 909 prout
266 824 465 899 barbarorum
487 824 682 888 incursiones
696 824 895 907 postularent,
910 827 1016 890 militia
1029 828 1118 909 quasi
1131 829 1261 912 dispen-

155 936 218 1001 sari
241 933 444 1016 distribuique
467 935 578 1031 potuit.¹
606 953 695 1016 quam
715 953 783 999 rem
805 936 896 1000 etiam
918 937 1024 1002 Dubos
1043 939 1130 1009 fita
1159 939 1260 1022 expli-

164 1145 452 1157 .—--.-.—-—-

208 1263 237 1332 ')
255 1264 369 1316 Histoire
382 1265 491 1332 crr'tipsre
512 1265 543 1316 de
562 1263 768 1317 i'e‘tobts'rsement
782 1264 814 1316 de
828 1264 856 1316 te
874 1265 1027 1318 monnrcin'e
1045 1266 1180 1334 [ronpoise
1191 1267 1258 1321 dans

155 1361 192 1413 tes
212 1338 315 1413 Geeies.
345 1360 475 1413 Aristerd.
491 1357 568 1414 1734.
579 1359 617 1413 4⁰.
631 1375 656 1427 p.
666 1360 708 1414 id.
718 1375 776 1430 sqq.
792 1361 921 1430 ,Qooipne
938 1377 1004 1414 noes
1025 1362 1135 1430 n'epons
1158 1379 1206 1431 pare
1226 1362 1259 1421 de

155 1457 248 1526 p'or'bies
266 1457 354 1510 docere
374 1458 405 1511 de
424 1475 453 1510 ce
472 1458 516 1526 pei
533 1474 561 1509 se
576 1458 677 1528 pessoit
694 1457 760 1510 dens
780 1457 818 1510 les
837 1459 933 1512 orate
950 1475 1010 1512 sous
1030 1457 1055 1511 le
1073 1458 1119 1512 tas
1139 1459 1259 1530 Empire,

125 1560 127 1571 ¹
155 1572 220 1607 noes
236 1571 270 1607 ne
289 1553 400 1607 labrom
410 1571 460 1625 pes
479 1554 624 1625 rependent
637 1553 793 1608 dentresoir
810 1553 847 1607 les
864 1557 969 1609 romans
981 1556 1025 1624 pus·
1040 1563 1177 1625 porterent
1186 1555 1260 1609 Gon·

156 1652 265 1716 stentin,
285 1668 318 1703 oss
337 1651 405 1704 celui
424 1652 455 1704 dc
473 1667 513 1703 ses
532 1653 701 1704 snccesseers
720 1652 764 1719 qai
784 1653 854 1705 weit
871 1651 944 1722 re‘ple'
963 1650 1000 1705 les
1016 1652 1130 1705 districts
1149 1652 1259 1716 dcwcbe-

155 1765 207 1800 crm
225 1747 270 1799 des
294 1747 516 1817 commonitorem
534 1765 579 1800 sur
597 1749 622 1800 te
638 1748 701 1817 pied
717 1752 757 1799 ori
771 1748 805 1799 iis
826 1750 922 1801 e'toient
940 1748 1043 1817 lorsque
1061 1750 1091 1801 de
1108 1749 1202 1802 Notion
1219 1751 1260 1817 fert

155 1844 277 1913 re'dipe'e,
297 1846 314 1895 d
332 1852 422 1896 mettre
440 1861 499 1897 sores
517 1861 553 1896 rm
572 1847 627 1896 send
646 1853 669 1895 et
688 1847 768 1896 meme
788 1844 859 1911 Odcf
872 1854 954 1896 tontes
972 1844 1009 1897 les
1027 1848 1114 1914 [orces
1133 1845 1261 1898 destine'es

157 1944 176 1993 d
193 1941 290 2009 perdes
309 1942 345 1992 tes
363 1944 433 1994 cdtes
444 1943 475 1994 de
493 1950 558 1994 cette
575 1940 676 2011 prende
695 1941 820 1993 Province
839 1958 884 1992 ser
902 1942 1018 1994 i'Oceen.
1058 1941 1144 2012 [Cave
1163 1942 1257 1995 credas

157 2045 237 2089 totam
257 2038 450 2091 occidentalem
471 2038 613 2090 Galliarum
636 2012 795 2089 maritimam
817 2052 890 2089 oram
910 2039 959 2089 snb
980 2053 1033 2089 uno
1053 2037 1128 2090 Duce
1151 2036 1260 2092 Tractus

157 2133 321 2186 Armorioani
340 2133 537 2204 Nervicaniquo
556 2134 649 2198 inisse,
669 2148 756 2201 neque
776 2133 996 2199 praetereundum
1016 2139 1072 2199 est,
1091 2133 1162 2202 quod
1179 2133 1261 2186 rebus

158 2229 315 2282 militaribus
340 2245 388 2297 per
407 2229 505 2283 Gallias
526 2245 628 2281 sommo
657 2230 716 2281 loco
742 2227 916 2295 praefuerunt
937 2229 1062 2298 Magister
1085 2228 1205 2282 Peditum
1231 2231 1260 2282 in

161 2329 310 2396 praesenti,
328 2328 377 2379 sub
404 2329 479 2379 caius
498 2326 672 2394 dispositione
697 2332 803 2393 praeter
826 2324 892 2377 daos
916 2339 1009 2377 omncs
1029 2324 1118 2378 Duces
1146 2326 1259 2378 limitans

158 2426 274 2488 fucrant,
295 2432 321 2476 ct
335 2425 454 2494 Magistri
472 2423 596 2493 Equitum
617 2424 679 2483 doo,
698 2438 765 2474 unus
784 2423 974 2490 praesentatis,
996 2422 1065 2475 alter
1084 2437 1133 2490 per
1151 2420 1259 2488 Gallias,

158 2530 237 2591 atque
257 2522 300 2573 bic
321 2537 367 2588 per
385 2520 483 2573 Gallias
501 2520 607 2589 quidem
626 2521 714 2573 Duces
740 2520 877 2572 Tractnuar
896 2509 1040 2588 Sequanici
1058 2520 1261 2573 etArrnoricani

160 2619 356 2687 Nervicanique
372 2619 421 2670 sub
440 2618 617 2686 dispositione
639 2617 764 2668 babuisse
782 2615 911 2668 dicendus
929 2618 1042 2668 videtur.
1065 2616 1099 2670 ci.
1111 2617 1260 2684 pmii.

160 2716 267 2770 ro...20.
279 2721 305 2766 et
318 2722 407 2766 annot.
419 2716 540 2784 p.223'·.]
580 2714 683 2765 Comme
701 2713 739 2765 ies
756 2714 837 2780 poem
856 2714 1262 2784 ennemiesn'ooertissentpcint

158 2815 201 2865 des
227 2813 299 2863 liene
319 2815 352 2864 ori
375 2811 437 2864 eides
454 2811 609 2881 pre'tendem
627 2812 698 2879 faire
721 2810 779 2862 leur
801 2811 950 2875 descendes,
969 2827 1020 2861 nne
1043 2811 1113 2863 serite
1130 2812 1200 2880 {tetta
1219 2812 1263 2878 pari

159 2919 196 2962 est
216 2913 274 2980 [en]
294 2926 358 2973 mer,
377 2926 441 2961 orec
460 2926 496 2960 ren
514 2907 601 2978 poreid
620 2909 730 2971 dessein,
742 2909 827 2960 donne
846 2907 878 2960 dc
897 2907 1064 2975 l'inqnietnds
1082 2910 1100 2958 d
1118 2908 1263 2960 deuncem

162 3007 241 3058 lienis
261 3006 291 3057 de
316 3009 378 3058 edte.
425 3005 602 3071 dejonrd'bsn'
620 3008 680 3058 c'est
699 3022 735 3058 en
760 3004 812 3068 iien
832 3007 876 3073 poi
900 3013 937 3056 est
959 3009 1086 3069 erenaei,
1114 3013 1138 3057 et
1158 3005 1263 3057 demeim

164 3107 219 3155 c’en
241 3113 276 3155 est
298 3120 334 3154 nn
352 3112 445 3167 outre3
463 3104 487 3153 si
507 3110 563 3154 tons
581 3103 619 3153 des
639 3103 764 3154 bdtimens
783 3113 807 3154 et
825 3110 906 3154 tontes
923 3102 961 3153 des
979 3109 1082 3171 trosspes
1100 3101 1227 3153 destine'es
1243 3103 1263 3153 d

162 3199 190 3251 le
207 3200 290 3269 perde
316 3199 346 3250 de
365 3207 429 3250 cette
454 3201 509 3249 cdte
527 3216 560 3250 ne
579 3209 636 3250 sont
652 3200 725 3268 point
744 3213 803 3250 sons
820 3197 857 3251 les
876 3197 967 3250 ordres
991 3199 1025 3249 du
1046 3199 1126 3250 meme
1143 3198 1260 3266 officim,

163 3307 186 3349 et
204 3297 246 3349 s‘id
268 3314 299 3347 ne
318 3305 378 3364 pent
399 3296 472 3365 point
496 3297 515 3346 d
535 3311 582 3346 son
598 3296 694 3365 plaisir
715 3296 752 3346 ies
775 3296 846 3362 seire
864 3311 957 3365 passer
975 3295 1036 3347 dun
1058 3294 1161 3346 endroit
1185 3296 1204 3344 d
1224 3309 1262 3346 rm

161 3402 246 3456 entre,
266 3393 290 3444 ie
310 3393 369 3444 bien
388 3393 422 3443 dre
441 3392 540 3443 sereice
559 3408 591 3442 en
610 3391 663 3443 doit
681 3393 789 3460 soaffrir
806 3392 946 3462 beaucoup.
985 3392 1050 3444 Dirc
1069 3408 1117 3458 pue
1134 3391 1262 3459 l'Officier

158 3491 201 3559 pei
227 3489 377 3541 commende
396 3489 462 3540 dans
485 3488 510 3540 le
529 3487 596 3556 Poys
615 3493 648 3539 ori
671 3487 791 3540 i’eiornse
810 3504 895 3552 cesse,
915 3504 1045 3556 encopero
1062 3504 1108 3540 ser
1126 3487 1151 3540 de
1168 3488 1261 3559 cbomp

157 3605 198 3639 ses
215 3589 303 3655 [orces
322 3587 387 3637 dens
406 3586 430 3637 te
444 3585 511 3653 Peps
528 3587 571 3652 qni
590 3601 734 3636 commeasse
753 3584 832 3638 deire
851 3589 959 3638 mencce'
973 3601 1026 3654 per
1042 3586 1149 3637 t’dme'e
1166 3585 1262 3638 necate

160 3684 204 3735 des
223 3672 347 3748 ennemis,
367 3674 428 3735 c'est
445 3684 549 3734 n'neoir
567 3683 640 3752 point
658 3698 710 3733 one
728 3681 785 3734 ide'e
798 3684 870 3747 juste
888 3683 919 3734 de
938 3690 1002 3734 cette
1021 3697 1110 3751 erpece
1130 3682 1161 3734 de
1180 3698 1261 3751 pser-

160 3799 207 3845 re‚·
233 3782 294 3831 e'est
315 3765 409 3832 encore
434 3797 467 3832 ne
484 3797 533 3851 pes
551 3770 688 3831 coirnoitre
708 3781 725 3829 d
749 3779 807 3846 poet
825 3781 898 3846 point
917 3778 944 3829 te
957 3778 1072 3842 jatmee
1087 3794 1169 3847 repne
1186 3778 1262 3831 ordi·

161 3878 309 3930 neirement
330 3886 402 3930 entre
423 3878 459 3929 les
473 3878 594 3946 Offlciers
612 3877 643 3927 de
661 3877 741 3928 meme
759 3875 841 3945 prede
861 3876 904 3942 ptri
920 3876 1100 3927 commendent
1113 3876 1216 3928 cbecnn
1229 3893 1263 3928 en

159 3975 223 4045 ebes
238 3975 304 4027 dens
325 3976 368 4027 des
388 3975 565 4044 de'pertemens
582 3975 690 4038 noisins,
713 3983 736 4025 et
756 3973 872 4024 comdien
891 3972 939 4024 eide
958 3981 1049 4042 oporte
1069 3971 1209 4025 d'obstecle
1227 3989 1264 4026 oss

159 4074 258 4124 sercice
284 4073 318 4123 das
343 4071 444 4122 Prince.
488 4071 562 4123 rorte
583 4072 650 4122 donc
672 4087 701 4122 ce
731 4073 774 4138 pai
798 4085 866 4121 esre
888 4071 939 4138 [eit
960 4071 1129 4145 comprendre
1154 4071 1220 4124 dans
1238 4070 1263 4123 ie

159 4165 499 4231 nemorumnemorum,
524 4181 578 4217 non
595 4150 735 4220 sentement
757 4166 786 4218 te
811 4166 920 4219 seconde
944 4175 967 4219 et
992 4165 1022 4219 de
1042 4169 1170 4221 troisie‘me
1190 4165 1262 4234 Lyc-

166 4265 255 4330 noise,
274 4266 344 4316 einsi
362 4281 408 4332 pare
432 4263 461 4315 lo
481 4264 612 4338 premiere
634 4264 776 4332 Apennine
795 4272 818 4316 et
843 4263 872 4316 la
889 4264 1000 4316 seconde
1018 4264 1158 4332 Apnitnine
1168 4303 1177 4328 ,
1197 4263 1264 4315 meis

164 4377 258 4414 encore
278 4377 329 4413 arne
348 4363 434 4431 partie
454 4361 484 4412 de
503 4361 531 4412 io
549 4362 659 4414 seconde
679 4361 811 4432 Retqipne,
830 4363 1009 4429 c’est·d-dire,
1026 4370 1094 4415 toute
1112 4361 1140 4414 de
1159 4363 1214 4413 cdte
1232 4360 1264 4414 dc
