2918 4914
273 382 1363 462 1006*aanornurtorocuosnxn.amaroarrrsssrromtnuaass.
1414 460 1416 469 ,

269 626 343 674 ctore
361 621 443 674 Suida
461 638 487 676 v.
505 624 639 696 λογισταί
660 626 700 693 [ot
717 607 914 696 toytcripmh
939 626 1001 693 quia
1023 640 1110 678 rerum
1135 626 1253 678 civitatis
1273 625 1367 680 arbiter

269 726 326 771 arat
344 726 371 773 et
391 722 544 773 aestimator
561 736 610 773 seu
628 735 740 773 censor:
759 721 803 774 vel
824 722 913 790 potius
931 723 994 790 quia
1013 738 1072 774 cum
1091 737 1134 775 res
1153 722 1270 775 civitatis
1286 721 1366 775 adrni-
1413 751 1414 778 3

266 815 372 883 nistret,
391 817 551 886 supputandi
570 817 700 870 rationem
719 824 811 870 tenere
830 818 952 871 debebat.
991 818 1090 870 Plinius
1114 819 1190 886 epist.
1204 817 1366 872 tatiuvtt
1412 845 1413 896 q

265 907 383 965 actorem
403 914 539 981 publicum
557 913 692 982 appellat:
711 930 812 984 cyrum,
831 915 927 983 inquit,
945 895 1054 967 morceis
1075 913 1161 985 [lonqe
1174 915 1273 986 pluris]
1287 915 1367 966 actori

259 1007 365 1076 publico
383 1009 487 1080 publice
509 1010 561 1082 [sic
579 1009 669 1081 Pane]
690 1011 848 1080 mancipavi,
869 1010 977 1063 eundem
993 1010 1117 1080 rectiquli
1133 1011 1252 1080 imposito
1273 1010 1366 1080 recepi.
1411 998 1413 1063 ἶ

263 1102 289 1156 ls
308 1107 528 1174 quemadmodum
554 1114 581 1158 et
605 1107 652 1159 alii
675 1123 707 1159 ex
728 1106 917 1159 decurionibus
938 1107 1104 1178 eligebatur,
1126 1109 1201 1160 cuius
1227 1108 1367 1176 praecipua
1411 1126 1413 1139 ·

262 1215 326 1253 cura
346 1208 403 1255 erat
422 1203 589 1271 praediorum
611 1204 727 1255 civitatis
744 1204 844 1256 reditus
864 1203 1004 1274 colligere.
1040 1203 1169 1257 Arcadius
1186 1202 1230 1256 lG.
1242 1204 1364 1275 (inula.

261 1297 634 1368 §.9.ll.demuuerib.L.4.)
654 1300 708 1352 Sed
725 1308 749 1352 et
769 1308 913 1367 curatores,
935 1302 988 1366 ait,
1008 1302 1052 1369 qai
1069 1301 1105 1354 cd
1123 1300 1283 1371 colliqesdoa
1302 1301 1366 1354 cisi·
1409 1282 1412 1377 J

259 1396 353 1448 tatium
369 1396 488 1466 publicos
513 1396 611 1449 reditas
636 1395 700 1466 elici
721 1397 817 1462 solent,
832 1397 970 1467 personali
988 1414 1094 1450 munere
1113 1398 1276 1468 subiguntur
1294 1398 1365 1469 [aab-
1409 1391 1411 1419 l

257 1491 433 1564 impastum:
452 1492 618 1560 publicorum
642 1494 713 1545 enim
733 1493 900 1562 praediorum
921 1510 983 1548 cura
1001 1495 1072 1546 inter
1089 1494 1243 1564 personalia
1258 1509 1365 1547 munera
1409 1494 1411 1556 }

202 1661 209 1672 ἱ
258 1596 465 1643 connumeratur
482 1590 511 1643 L.
524 1592 546 1640 l.
562 1591 621 1659 §.2
632 1589 731 1642 lteod.
769 1589 841 1643 Idem
859 1590 966 1660 praedia
986 1592 1102 1646 civitatis
1120 1591 1237 1657 locabat,
1255 1593 1326 1661 quod
1338 1593 1364 1643 in

259 1688 472 1757 quinquennium
491 1688 548 1740 lieri
569 1693 753 1739 consueverat.
774 1687 815 1758 (L.
826 1689 852 1740 3.
863 1693 889 1757 ς.
902 1691 924 1741 l.
933 1688 964 1740 D.
974 1687 1007 1741 de
1020 1689 1086 1741 adm.
1096 1704 1147 1742 rer.
1155 1689 1187 1741 ad
1199 1689 1251 1741 cir.
1260 1696 1328 1758 pert.
1336 1687 1362 1741 L.

255 1784 296 1856 8.)
307 1785 360 1839 Res
377 1801 484 1856 quoque
505 1786 544 1838 rei
557 1800 607 1853 p.a
626 1787 737 1854 privatis
757 1791 901 1853 occupatas
922 1786 1066 1839 vendicare
1085 1786 1226 1839 tenebatur
1246 1785 1289 1857 (L.
1297 1786 1323 1839 9.
1335 1786 1360 1850 δ.

254 1884 282 1937 2.
292 1881 325 1935 Ι).
336 1882 428 1956 eod),
446 1889 474 1935 et
494 1883 574 1936 aedes
592 1882 712 1951 publicas
733 1889 760 1935 et
781 1882 877 1936 balnea
898 1899 967 1952 quae
985 1884 1181 1936 restauratione
1199 1882 1364 1954 indigebant,
1408 1855 1410 1878 ⁵

254 1979 468 2049 redemptoribus
496 1979 636 2032 sarcienda
663 1978 770 2032 locabat
793 1979 831 2050 (L.
842 1977 883 2032 18.
895 1981 922 2044 ς.
935 1979 976 2033 10.
987 1979 1020 2032 Ι).
1031 1979 1064 2032 de
1081 1980 1213 2032 munerib.
1224 1978 1253 2033 L.
1264 1979 1303 2052 4.)
1320 1983 1363 2032 aut

254 2075 315 2144 ipse
333 2076 408 2130 reliei
427 2075 545 2129 iubebat.
564 2075 705 2144 (ΒΗΑ.
716 2075 790 2128 D.de
805 2075 933 2128 admrer.
946 2074 1041 2128 adciv.
1054 2079 1133 2147 pert.)
1153 2076 1284 2129 Damnum
1294 2077 1361 2128 enim
1406 2131 1407 2135 ,

252 2187 302 2227 sua
321 2173 400 2243 eulpa
418 2175 459 2226 rei
480 2190 506 2243 p.
517 2173 621 2227 illatum
640 2172 674 2226 de
694 2187 743 2225 suo
762 2173 892 2226 resarcire
910 2172 1060 2224 tenebatur.
1096 2173 1169 2225 ldem
1187 2173 1285 2225 iustum
1299 2187 1360 2240 pre·

253 2269 320 2324 tium
340 2272 421 2325 rebus
441 2270 581 2325 venalibus
601 2270 743 2336 statuebat,
762 2277 791 2321 ut
809 2268 982 2322 Cassiodorus
1004 2273 1096 2341 [supra
1114 2274 1236 2341 transm]
1257 2283 1359 2322 memo-

250 2373 301 2420 rat.
327 2368 437 2421 curabat
462 2375 490 2421 et
510 2375 684 2421 commeatum
706 2366 835 2419 exercitui
854 2366 1034 2434 suppeditari,
1054 2380 1133 2434 quem
1154 2368 1245 2433 copias
1265 2364 1359 2434 appel-

250 2459 304 2516 lari
321 2463 461 2517 Duarenus
474 2471 601 2518 autumat.
638 2462 821 2531 Prospiciebat
840 2463 929 2528 etiam,
949 2477 983 2514 ne
1001 2462 1064 2513 urbs
1084 2462 1214 2515 aediliciis
1226 2461 1358 2514 deforma·

248 2565 334 2627 retur,
357 2560 475 2628 collapsa
497 2562 568 2614 enim
588 2560 686 2612 civium
706 2558 828 2611 aedilicia
847 2558 953 2610 restitui
973 2557 1090 2610 iubebat
1119 2557 1216 2611 Paulus
1230 2559 1270 2628 (in
1279 2557 1308 2611 L.
1316 2557 1357 2612 dd.
1405 2606 1406 2610 ,

248 2653 282 2708 1).
293 2656 327 2708 de
341 2656 437 2709 damno
455 2656 503 2708 ini.
516 2656 675 2725 xxxixa.)
692 2654 735 2707 At
753 2655 893 2721 curatoris,
913 2655 1007 2723 inquit,
1027 2655 1104 2724 reip.
1118 2656 1232 2723 officium
1252 2662 1357 2726 spectat,

246 2758 276 2804 at
295 2752 400 2805 dirutos
419 2753 508 2805 mutus
526 2769 544 2805 s
562 2752 673 2804 dominis
690 2760 854 2804 minantur.
891 2750 1003 2804 Domum
1019 2758 1120 2820 sumptu
1133 2749 1237 2820 publico
1257 2759 1359 2803 eustrat-
1404 2784 1406 2797 ,

247 2853 333 2914 ctsoa,
356 2850 381 2901 si
399 2848 517 2901 dominus
538 2849 573 2900 ad
591 2857 689 2918 tempus
705 2848 846 2917 pecaniam
869 2849 1013 2917 impensam
1036 2852 1094 2900 mm
1115 2846 1201 2899 usa&
1224 2847 1358 2898 restituere

247 2944 372 3011 uoluerit,
391 2946 450 2997 iure
469 2962 526 2997 eum
544 2962 624 3014 resp.
636 2943 767 2997 distrahit.
804 2943 877 2997 llaec
891 2942 952 2996 ille.
987 2941 1149 2995 Prohibebat
1167 2949 1307 3010 praeterea
1325 2955 1358 2993 ne
1403 2976 1405 2978 ψ

247 3041 358 3110 publiea
376 3041 437 3095 loca
455 3049 651 3110 occuparentur
671 3048 716 3093 aut
735 3041 957 3107 devastarentur;
976 3041 1033 3108 ipse
1054 3053 1119 3092 vero
1136 3040 1237 3092 nemini
1258 3052 1356 3092 conce·
1402 3063 1404 3092 t

248 3139 312 3193 dere
331 3147 445 3210 poterat,
468 3140 520 3191 nisi
539 3139 584 3191 lex
606 3136 775 3206 municipalis
794 3138 821 3189 id
840 3137 880 3190 illi
899 3138 1073 3206 permisisset.
1086 3135 1127 3206 (L.
1137 3137 1164 3190 3.
1175 3135 1237 3200 §.L
1246 3135 1279 3188 D.
1289 3130 1357 3203 quod
1402 3114 1404 3164 7

247 3238 275 3291 vi
296 3246 341 3291 aut
364 3239 432 3291 clam
455 3236 614 3306 tillitus.)
651 3236 681 3289 ln
703 3234 825 3287 omnibus
844 3235 960 3303 denique
978 3232 1046 3286 locis
1068 3235 1104 3286 ita
1122 3239 1203 3285 totam
1223 3233 1355 3285 civitatem

245 3334 392 3401 referebat,
412 3342 441 3385 ut
460 3336 488 3386 in
509 3333 618 3402 publico
641 3334 726 3405 [quis]
747 3332 933 3385 aedificaturus
955 3333 978 3386 si
998 3332 1050 3383 boc
1068 3330 1233 3399 procuratori
1252 3329 1355 3382 danun-

246 3432 355 3500 eiasset,
374 3433 426 3502 ipsi
445 3421 485 3484 rei
504 3447 530 3499 p.
541 3430 716 3484 denunciasse
737 3430 873 3483 videretur
891 3429 933 3499 (L.
943 3431 969 3483 5.
980 3428 1081 3493 §.ML
1091 3427 1181 3497 eod.):
1204 3442 1265 3479 narn
1287 3423 1354 3495 quod

246 3530 271 3582 ei
292 3530 472 3595 interdicitur,
483 3531 523 3581 rei
536 3545 563 3597 p.
575 3528 745 3581 interdictum
757 3543 817 3580 esse
836 3528 949 3581 videtur.
987 3526 1039 3580 Sed
1057 3526 1092 3578 ob
1108 3524 1176 3577 baec
1191 3521 1354 3592 procuranda
1400 3536 1401 3545 .

242 3623 382 3698 plerisque
403 3628 430 3678 in
456 3626 525 3679 locis
543 3627 666 3695 proprius
686 3627 856 3695 magistratus
876 3624 1029 3689 creabatur,
1047 3621 1151 3675 Aedilis
1175 3636 1190 3673 a
1211 3619 1353 3688 l’apiniaao
1399 3644 1401 3696 t

242 3732 359 3778 vocatus
379 3724 438 3797 (lib.
452 3728 530 3794 quem
551 3723 585 3776 de
603 3722 726 3776 aedilicio
747 3722 849 3775 Graece
871 3721 907 3791 [ij
927 3722 1086 3788 composuit,
1105 3719 1133 3771 L.
1148 3720 1170 3770 l.
1181 3718 1213 3770 l).
1224 3717 1258 3770 de
1271 3717 1315 3770 via
1328 3729 1352 3782 p·
1400 3713 1401 3733 ³

242 3819 398 3888 annaio,
416 3813 1278 3886 L.30.§.t.tt.tocatixtx.2.,L.18.§.t.1t.demuner.l.s.)
1307 3808 1353 3865 ut·
1399 3796 1401 3856 t

241 3917 337 3985 piauus
358 3919 425 3991 (Lo.
436 3920 491 3983 §.o
500 3919 535 3972 n.
541 3919 574 3972 de
585 3919 713 3972 adm.rer.
723 3917 755 3970 ad
767 3919 831 3986 civ.)
845 3916 938 3979 Grani,
956 3916 1003 3980 ait,
1022 3913 1229 3967 aestimationem
1244 3927 1295 3982 per
1311 3910 1352 3961 itt·
1400 3947 1401 3966 t

125 4017 132 4025 '
240 4014 341 4068 iuriam
360 4023 418 4086 post
439 4016 592 4084 emptionem
613 4014 705 4082 abluti,
725 4012 953 4083 quassationibus
972 4010 1085 4080 publicis
1103 4012 1229 4078 refertur,
1248 4013 1352 4060 curator
1399 4003 1401 4067 l

239 4113 282 4164 rei
296 4130 324 4182 p.
339 4114 442 4166 domino
462 4115 566 4166 restitui
582 4114 678 4166 iubeat.
722 4111 762 4164 Ex
782 4111 878 4180 quibus
896 4108 987 4162 verbis
1006 4107 1122 4176 aliquam
1143 4105 1352 4159 iurisdictionem
1400 4076 1401 4163 l

239 4206 372 4263 babuisse
395 4209 509 4263 videtur.
534 4210 618 4280 [quod
642 4217 735 4277 aperte
753 4208 832 4261 Alex.
848 4208 875 4259 L.
891 4204 1006 4260 adde
1022 4212 1172 4273 serraquae
1197 4204 1258 4256 siae
1282 4205 1351 4253 corta
1400 4210 1401 4227 ³

238 4316 333 4377 quant.
345 4306 471 4376 proitill.
480 4308 524 4360 46.
533 4306 663 4360 alflrmat:
675 4308 847 4375 ,Quanquam
860 4304 992 4373 pecuniae
1002 4304 1136 4372 quantitas
1155 4301 1290 4355 sententia
1299 4298 1351 4354 Cu·
1400 4293 1401 4299 '
