2918 4914
93 232 1263 290 &w

206 410 341 462 cirac.
366 412 407 460 so
425 388 1099 487 aaa.119*.it.‘td.sqq.orcanrmmrs.
1131 389 1241 464 1091*
1328 396 1333 404 “

138 614 286 679 Romanis
309 611 490 675 mulieribus
511 612 698 675 connubium
721 612 817 676 luisse
841 613 946 675 testari
970 612 1134 675 videatur?
1165 617 1245 676 aba·

140 741 210 788 rnen
230 724 257 789 si
270 723 338 804 quis
360 722 442 786 illam
466 723 725 802 constitutionem,
749 723 787 786 ab
809 722 896 785 initio
920 723 1053 786 nonnisi
1078 723 1171 786 certis
1193 723 1243 785 lo·

140 835 187 900 cis
224 835 473 917 temporibusque
506 833 709 912 destinatam,
741 839 910 915 postquam
939 833 970 896 in
993 833 1242 901 theodosianum

143 946 284 1009 codicem
307 951 431 1026 recepta
453 951 511 1024 est,
533 945 711 1029 generalem
734 945 794 1006 vim
818 944 978 1026 accepisse
998 950 1029 1008 ot
1051 944 1088 1007 ad
1105 944 1242 1008 Gentiles

143 1074 265 1140 quoque
294 1056 351 1120 sub
373 1055 539 1138 praesectis
564 1061 716 1119 merentes
738 1053 919 1118 trahendam
942 1055 1038 1119 fuisse
1067 1055 1242 1134 contendat,

140 1186 197 1251 per
216 1186 264 1230 me
288 1166 316 1230 ei
339 1166 460 1244 licebit,
491 1182 592 1247 neque
619 1164 711 1227 ullum
734 1165 972 1246 nupturientium
996 1183 1051 1246 par
1078 1164 1137 1228 iam
1159 1164 1244 1229 ilebit

139 1279 196 1359 „Ni
215 1296 273 1341 nos
297 1276 477 1340 divideret“.
523 1276 771 1356 interpretationi
793 1281 920 1339 nostrae
941 1277 1045 1339 lavent
1066 1276 1157 1338 etiam
1176 1275 1242 1338 Eu-

141 1389 250 1471 napius
265 1393 292 1433 ³⁰
304 1393 334 1451 et
348 1387 533 1451 claudianus
546 1391 583 1465 ³¹,
607 1405 665 1450 nec
686 1386 788 1450 obstat
800 1385 980 1450 Prudentius
992 1389 1027 1447 ³².
1071 1387 1133 1450 lam
1148 1385 1242 1449 missa

141 1575 280 1585 ..-..--.-.
296 1576 337 1580 .--
382 1576 440 1584 ..-

140 1680 245 1734 barbari
267 1683 312 1750 qui
334 1681 458 1733 Romanis
479 1681 634 1732 mulieribus
653 1681 787 1752 elegerint
806 1682 918 1751 nuptiali
937 1683 1046 1736 loedere
1067 1685 1172 1750 sociari,
1192 1700 1245 1755 quo

140 1778 208 1831 libet
226 1778 304 1831 titulo
325 1779 432 1846 praedia
452 1780 642 1846 quaesiverint,
663 1778 753 1831 fiscum
774 1782 890 1846 possessi
911 1781 1021 1847 cespitis
1042 1781 1196 1848 persolvere
1214 1799 1245 1836 ac

144 1892 226 1945 super
245 1878 391 1930 indicticiis
410 1877 535 1930 oneribus
551 1893 644 1945 parere
663 1883 793 1947 cogantur
805 1916 811 1930 .
825 1886 857 1930 .“.

244 1978 280 2045 ²⁰)
302 1975 351 2039 Qui
370 1978 396 2027 in
416 1991 473 2026 erc.
485 1991 518 2026 ex
530 1975 662 2027 edBonn.
673 1992 699 2043 p.
709 1976 752 2028 53.
760 1991 798 2043 sq.
807 1975 839 2027 ad
849 1976 943 2030 noea.
954 1976 986 2028 de
997 1977 1115 2030 Fravitta
1131 1978 1245 2031 Gottho.

142 2088 200 2125 rum
217 2073 302 2142 (fficio
320 2075 472 2144 Eandem)
491 2071 616 2123 Romanis
642 2070 750 2123 iacente
769 2071 837 2123 duce
858 2071 956 2124 refert:
985 2071 1246 2147 ψράβιθος...γυ«

141 2180 232 2230 ναῐκα
251 2163 302 2226 οὖν
319 2170 402 2243 ᾔτησε
417 2168 648 2243 ‘Populum-aot
668 2168 683 2223 ὃ
702 2165 832 2238 βασιλεὺς
845 2169 1034 2243 (Theodosius)
1049 2174 1184 2244 ἐπέτρεψε
1196 2171 1247 2230 τὸν

142 2269 240 2341 γάμον
260 2267 434 2337 (connubium
461 2268 486 2317 ei
512 2266 612 2336 dedit),
632 2270 681 2320 aei
702 2266 716 2320 ὁ
736 2262 829 2335 πατὴρ
849 2269 895 2333 τῆς
915 2269 1000 2340 κόρης
1018 2271 1164 2341 (ἐτρέφετο
1186 2262 1245 2343 γὰρ

142 2364 201 2420 ὑπὸ
218 2368 319 2435 πατρὶ)
344 2357 443 2417 καὶτὰ
465 2364 584 2436 πρᾶγμα
604 2363 767 2429 ἐθαύμασε,
790 2365 935 2436 μακάριον
954 2356 1057 2422 ἑαυτὸν
1080 2366 1247 2440 ὑπολαμβά-

141 2484 210 2526 νων,
229 2467 256 2518 al
272 2469 403 2517 terebros
425 2463 479 2523 ἕξει
499 2460 658 2532 proprindat
780 2464 815 2531 ⁸⁸)
837 2461 1043 2515 Claudianbell.
1054 2462 1121 2515 Gild.
1132 2466 1244 2530 tarsa.

141 2577 199 2630 sqq.
220 2566 335 2612 atrocem
360 2559 408 2610 sub
433 2557 546 2611 Gildone
571 2565 683 2625 tyranno
707 2574 794 2611 rerum
821 2564 917 2610 statum
944 2575 1090 2628 eversaque
1115 2562 1172 2614 iura
1197 2563 1247 2616 de.

141 2657 279 2710 scribens:

242 2788 654 2817 ...........
693 2766 744 2803 nec
761 2753 854 2803 damna
873 2751 981 2818 pudoris

244 2825 340 2891 Turpia
358 2824 510 2876 sufiiciunt:
531 2824 630 2876 hlauris
650 2824 796 2876 clarissima
815 2840 937 2892 quaeque

244 2895 370 2948 Fastidita
384 2897 459 2963 [roth
473 2912 490 2946 o
506 2894 616 2949 Gildone
627 2899 757 2965 stuprata]
770 2895 861 2960 datur;
877 2896 963 2948 media
974 2894 1135 2966 Carthagine
1151 2896 1246 2954 ductae

198 2987 201 2991 ·
239 2968 354 3019 Barbara
375 2968 500 3019 Sidoniae
518 2969 633 3019 subeunt
653 2967 785 3019 connubia
804 2974 921 3032 matres;

240 3039 402 3106 Aethiopem
421 3040 499 3091 nobis
519 3055 662 3106 generum,
682 3039 829 3091 Nasamona
849 3041 970 3091 maritum

243 3110 359 3181 ingerit;
378 3117 494 3163 exterret
516 3111 648 3162 cunabula
668 3110 785 3162 discolor
806 3109 921 3162 inians“.

143 3208 182 3276 ³²)
203 3206 360 3259 Prudentius
379 3213 471 3257 contra
485 3207 582 3272 Sp'mm.
593 3206 640 3257 lib.
652 3206 685 3258 ll.
697 3214 726 3257 nt
743 3206 858 3257 omnium
879 3208 997 3276 gentium
1016 3208 1184 3260 concordiam
1196 3224 1246 3261 ve.

143 3317 190 3355 rae
209 3302 350 3372 religionis
370 3315 460 3354 amore
480 3303 610 3364 contrahi,
631 3317 763 3370 unamque
783 3309 898 3353 mentem
913 3301 1076 3369 „implicitas
1090 3311 1184 3372 gentes
1199 3320 1245 3357 so..
1341 3314 1349 3321 ·

139 3401 235 3452 ciare“
255 3400 353 3451 debere
375 3398 507 3461 ostendat,
520 3399 568 3464 ll.
578 3398 629 3451 599
649 3414 705 3466 sqq.
718 3414 777 3449 eum
794 3413 881 3449 rerum
896 3404 990 3450 statum
1004 3415 1082 3467 quem
1094 3402 1146 3453 sibi
1160 3403 1245 3467 linxit,

139 3512 193 3549 non
213 3499 256 3566 qui
287 3510 390 3548 revera
409 3496 557 3559 obtineret,
578 3500 617 3565 (ut
642 3510 780 3562 perperam
800 3495 977 3548 Gotholredus
1004 3513 1063 3548 com
1091 3501 1245 3568 sequacium

138 3610 232 3657 manu,
260 3595 317 3662 ipso
345 3609 397 3644 non
421 3593 553 3646 immerito
572 3593 670 3644 Alciati
690 3592 802 3663 [Parerg
822 3593 910 3663 Ι.13.]
930 3594 1134 3662 explicationem
1156 3598 1184 3651 L.
1198 3615 1244 3650 un.

140 3691 185 3744 cit.
197 3690 316 3742 abiciens
334 3689 455 3761 sumpsit)
474 3690 514 3740 sic
532 3688 673 3740 describit:

242 3784 389 3851 „bliscebat
407 3783 520 3836 Bellona
539 3784 630 3836 furens
648 3784 770 3836 mortalia
790 3791 885 3836 cuneta

239 3857 417 3926 Armabatque
436 3855 507 3908 ieras
526 3857 552 3907 in
571 3855 683 3908 vulnera
699 3862 790 3907 mutua
811 3855 925 3908 dextras.

240 3929 313 3980 liano
332 3929 500 3981 fraenaturus
514 3929 613 3980 rabiem
633 3926 699 3979 deus
717 3927 834 3996 undique
855 3936 950 3998 gentes
1008 3950 1013 3961 =

240 4000 371 4052 inclinare
392 4008 470 4066 caput
489 3999 581 4051 docuit
598 3999 646 4050 sub
667 3998 772 4068 legibus
793 3998 894 4051 hisdem

241 4073 428 4140 Romanosque
447 4086 539 4124 omnes
562 4072 618 4123 lieri
638 4086 705 4138 quos
722 4070 830 4123 Rhenus
850 4079 877 4122 et
896 4073 973 4135 later,

209 4197 212 4200 ,
241 4144 312 4208 Quos
332 4144 419 4213 'fagus
439 4144 577 4204 aurifluus,
595 4158 661 4212 quos
680 4158 790 4213 magnus
810 4143 919 4195 inundat
938 4143 1039 4209 iberus,

242 4215 372 4284 tiorniger
392 4215 566 4282 llesperidum
585 4228 650 4283 quos
671 4214 838 4267 interlabitur
856 4223 883 4266 et
902 4231 968 4284 quos

239 4288 344 4355 Ganges
362 4287 417 4350 alit,
440 4287 576 4355 tepidique
596 4287 686 4337 lavant
704 4293 805 4352 septem
825 4289 893 4338 ostia
912 4287 974 4339 llili.

241 4360 283 4410 lus
303 4359 367 4409 lecit
389 4374 528 4410 commune
548 4374 625 4426 pares
646 4364 672 4408 et
693 4359 799 4409 nominc
814 4358 907 4411 eodem

93 4476 1315 4648 ml
