2918 4914
137 202 1359 271 §dm

139 273 159 338 b

213 365 588 438 716*rrunrnnor.ooo.
599 386 927 435 onxunmvxvmaa.
946 386 1314 440 cmxxrrnurxrannr.
1357 414 1359 419 -

215 588 306 650 etiam
328 587 397 652 Dux
420 586 602 650 Germaniae
624 586 741 650 Primae
749 610 758 665 ;
794 588 890 650 ceteri
911 587 1064 668 Europaei
1088 587 1224 669 Afrique
1251 588 1317 651 llu-

121 726 134 751 ·
214 716 267 761 ces
288 698 320 760 in
341 696 460 762 Officiis
492 698 557 762 suis
580 697 736 778 Principes
763 697 917 761 hebebant
945 717 984 761 ex
1006 696 1124 760 Officiis
1150 696 1316 783 Magistro.

212 827 279 870 rum
300 808 426 872 Militum
449 808 699 888 Praesentalium,
720 809 787 874 sivo
810 808 934 872 alternis
958 809 1067 888 annis,
1095 807 1204 874 siren
1231 813 1315 890 parte

212 918 346 983 Peditum
369 925 508 1001 tantum,
530 925 563 982 ut
584 920 652 982 Dux
673 904 848 1000 Sequanici.
899 920 941 982 lta
975 918 1064 982 etiam
1100 917 1132 980 in
1166 918 1316 983 Comitum

212 1028 259 1092 rei
282 1030 421 1094 militaris
444 1029 563 1094 Officiis
586 1029 741 1111 Principes
772 1028 864 1091 modo
893 1028 932 1091 de
955 1029 1067 1093 Schola
1090 1029 1262 1112 Agentium
1285 1028 1314 1092 in

213 1139 334 1218 liebus,
356 1147 389 1202 ut
419 1140 451 1201 in
482 1139 595 1204 Officio
618 1132 744 1203 Comitis
776 1138 982 1222 Aegyptiaci,
1012 1139 1106 1202 modo
1130 1139 1171 1203 de
1207 1138 1315 1203 eodem

214 1266 363 1329 corpore,
387 1249 474 1311 utin
499 1249 610 1313 Officio
634 1250 761 1313 Comitis
784 1250 940 1327 Isauriae,
962 1248 1055 1312 modo
1084 1266 1125 1312 ex
1145 1250 1315 1334 Magistro·

213 1376 279 1421 rum
307 1356 434 1422 Militum
458 1358 570 1422 officiis
594 1359 720 1423 alternis
752 1360 861 1439 annis,
892 1366 924 1420 ut
955 1360 986 1422 in
1020 1359 1132 1423 officiis
1167 1360 1314 1424 Comitum

213 1469 405 1551 Tingitaniac
425 1470 679 1552 britanniaeque,
702 1470 794 1533 modo
826 1490 843 1533 a
864 1477 950 1552 parte
970 1470 1106 1534 Peditum
1129 1477 1267 1551 tantum,
1286 1476 1316 1534 ul

213 1580 246 1642 in
269 1579 372 1644 ollicio
396 1580 522 1658 Comitis
548 1582 647 1644 litoris
671 1582 817 1646 Saxonici
848 1600 903 1662 per
925 1580 1131 1659 Britanniam,
1160 1580 1315 1663 desumpti

214 1695 311 1753 erant.
357 1691 443 1766 Quae
465 1691 567 1754 omnia
599 1691 638 1754 ad
667 1698 768 1754 certas
803 1691 1077 1754 administrationis
1101 1690 1191 1772 leges
1224 1707 1316 1755 rero-

216 1806 283 1865 oeta
304 1801 399 1866 luisse
422 1802 597 1867 accuratius
615 1801 826 1883 inspicientem
851 1804 960 1884 lugere
980 1818 1043 1863 non
1065 1806 1177 1882 potest.

299 1949 339 1962 -
358 1915 387 1980 i.
413 1915 479 1993 Pb]
501 1911 693 1993 Excepturus
717 1912 893 1994 sinpolores
915 1912 1083 1997 iunguntur
1104 1912 1137 1973 in
1160 1926 1209 1972 or.

641 2090 805 2099 -m—-uvn
818 2090 863 2096 ...ω-

605 2201 748 2276 CdPVT
772 2201 925 2273 xxxin.

299 2358 386 2422 PAG.
408 2365 459 2426 98.
479 2357 509 2422 l.
534 2358 578 2436 9.]
604 2357 688 2419 Haec
709 2357 848 2437 picturae
870 2354 1004 2432 rubrica,
1026 2353 1057 2414 in
1072 2354 1101 2413 λ
1119 2367 1182 2414 non
1204 2351 1317 2432 posite,

215 2467 323 2531 Norici
344 2468 486 2550 Ripensis
517 2467 704 2530 mentionem
729 2484 791 2529 non
817 2466 910 2544 lacit,
942 2464 998 2528 sed
1022 2462 1118 2526 solius
1139 2460 1318 2525 Pannoniae

214 2578 332 2658 primae
353 2577 503 2657 (ponente
526 2576 626 2656 prime
646 2575 699 2656 d).
729 2583 759 2637 et
790 2576 855 2638 eins
884 2574 1016 2656 insipnio
1043 2573 1114 2636 add.
1138 2589 1184 2650 τη
1216 2586 1319 2654 neque

217 2710 291 2755 vero
315 2690 409 2754 iidem
431 2689 520 2753 huius
544 2690 650 2768 ducis,
677 2687 732 2752 sed
754 2688 932 2751 Pannoniae
952 2683 1113 2751 Secundae
1133 2682 1248 2764 pictam
1271 2686 1320 2747 ta·

214 2800 316 2865 bulam
338 2800 495 2879 exhibent,
518 2805 551 2861 nt
573 2799 610 2861 ad
633 2817 699 2880 cap.
713 2798 823 2862 XXXl.
837 2799 903 2861 init.
917 2796 1072 2860 annotavi.

299 2911 452 2977 Picturam
473 2909 512 2973 ad
534 2910 563 2971 λ
590 2909 789 2990 repetendam
813 2909 936 2986 curavi,
967 2907 1017 2988 qui
1039 2901 1191 2968 vocabula
1221 2899 1320 2979 subp

215 3025 245 3083 et
266 3019 286 3082 t
308 3021 354 3083 sic
377 3020 515 3085 exbibet:
546 3014 759 3100 AEqbtaoens
782 3025 813 3082 et
835 3019 879 3080 od
896 3014 1198 3089 Herrolerreadem
1224 3007 1319 3074 esic

148 3133 171 3154 ’“
214 3131 342 3212 scripsit
362 3129 542 3211 Equinoctie
565 3135 595 3191 et
613 3127 809 3191 Adlrercales.
854 3129 886 3190 ln
909 3135 926 3187 t
953 3144 993 3189 ue
1015 3124 1198 3189 Arrabonae
1214 3120 1320 3186 Plexi-

215 3259 275 3324 que
296 3242 420 3307 nomina
443 3242 609 3318 iterentur,
633 3239 734 3302 editor
755 3256 811 3321 pro
834 3239 948 3302 nostris
969 3237 989 3298 d
1011 3242 1041 3300 ct
1060 3235 1079 3297 lr
1099 3235 1186 3298 duxit
1206 3231 1320 3295 Vindo-

215 3349 296 3414 bona
317 3358 347 3415 et
368 3351 564 3415 Carnuntum.
593 3329 657 3411 rid:
681 3348 819 3411 Plenam.
847 3346 1023 3410 Arrabona.
1046 3341 1316 3424 Quodriborpia'rrrr.

215 3462 277 3525 Alo
300 3461 400 3525 Nono.
425 3459 638 3542 Aequinoctio.
662 3458 714 3521 Ad
727 3458 896 3520 Hermam.
930 3457 1084 3520 Gerolota.
1116 3453 1317 3531 Quadratum.

221 3569 402 3635 Vindelrono.
425 3571 623 3635 Carnuntum.
667 3569 792 3634 Scilicet
814 3568 861 3649 ,P.
876 3567 997 3649 Sluytcr
1013 3562 1318 3647 tecitepieturamrb

216 3682 242 3739 ιδ
261 3680 426 3745 exhibitam
448 3701 515 3745 cum
540 3680 793 3763 inscriptionibus
817 3676 1024 3742 castellorum.

301 3827 341 3840 -
369 3793 419 3858 ii.
439 3791 469 3854 6.
490 3802 550 3875 sq.]
575 3816 706 3856 arcensis
738 3789 826 3853 omis.
856 3789 894 3851 λ.
927 3788 966 3851 cs.
979 3807 1007 3869 p.
1022 3786 1068 3850 4*.
1081 3788 1130 3854 li.
1144 3786 1194 3851 98.
1208 3802 1256 3866 sq.
1278 3817 1317 3832 -

215 3899 361 3962 Fortasse
374 3901 540 3980 ,Comitem
553 3886 714 3981 Pierinm“,
731 3899 770 3964 de
784 3916 844 3981 quo
857 3899 914 3979 (ad
929 3919 958 3962 a.
971 3880 1062 3977 aad.)
1073 3895 1203 3980 Eugipp.
1214 3897 1247 3958 in
1259 3893 1319 3957 vita

215 4009 245 4073 S.
259 4009 400 4073 Severini
415 4030 443 4073 c.
453 4013 519 4076 Xll.
532 4032 563 4076 n.
580 4015 643 4092 55,
667 4012 782 4075 Ducem
795 4009 971 4072 Pannoniae
983 4010 1004 4072 l.
1019 4013 1048 4072 et
1061 4005 1168 4070 Norici
1176 4002 1318 4086 Ripensis

216 4119 313 4183 luisse
325 4118 489 4186 dicendum
503 4131 560 4186 est.
583 4125 639 4188 sed
651 4129 752 4206 potest
766 4123 858 4186 etiam
869 4128 920 4185 aut
930 4122 1041 4185 Comes
1052 4119 1257 4183 barbarorum
1270 4116 1320 4179 aut

216 4229 328 4294 (lomes
337 4231 443 4297 ltaliae
458 4233 478 4295 i.
487 4253 514 4297 e.
524 4234 651 4298 'fractus
659 4234 763 4298 ltaliae
773 4232 957 4314 circadlpes
969 4231 1123 4296 luisse-
1134 4212 1319 4304 Generidm,

172 4402 176 4409 .
216 4340 256 4406 de
278 4359 339 4423 quo
355 4341 467 4407 Zosim.
479 4342 515 4407 V.
527 4342 582 4408 46.
595 4362 665 4410 eum
687 4345 726 4410 ab
738 4343 879 4408 llonorio
899 4337 1078 4426 στρατηγόν
1099 4345 1320 4405 creammessc
