<?xml version="1.0" encoding="UTF-8"?>
<!DOCTYPE html PUBLIC "-//W3C//DTD XHTML 1.0 Transitional//EN"
    "http://www.w3.org/TR/xhtml1/DTD/xhtml1-transitional.dtd">
<html xmlns="http://www.w3.org/1999/xhtml" xml:lang="en" lang="en">
 <head>
  <title>
</title>
<meta http-equiv="Content-Type" content="text/html;charset=utf-8" />
  <meta name='ocr-system' content='tesseract 3.04.00' />
  <meta name='ocr-capabilities' content='ocr_page ocr_carea ocr_par ocr_line ocrx_word'/>
</head>
<body>
  <div class='ocr_page' id='page_1' title='image "./notitiadignitat01bcgoog_0228.png"; bbox 0 0 2918 4914; ppageno 0'>
   <div class='ocr_carea' id='block_1_1' title="bbox 105 239 1309 292">
    <p class='ocr_par' dir='ltr' id='par_1_1' title="bbox 105 239 1309 292">
     <span class='ocr_line' id='line_1_1' title="bbox 105 239 1309 292; baseline -0.003 -2"><span class='ocrx_word' id='word_1_1' title='bbox 105 239 1309 292; x_wconf 59' lang='lat' dir='ltr'><strong>mam—r</strong></span> 
     </span>
    </p>
   </div>
   <div class='ocr_carea' id='block_1_2' title="bbox 405 383 1259 470">
    <p class='ocr_par' dir='ltr' id='par_1_2' title="bbox 405 383 1259 470">
     <span class='ocr_line' id='line_1_2' title="bbox 405 383 1259 470; baseline 0.009 -16"><span class='ocrx_word' id='word_1_2' title='bbox 405 405 473 454; x_wconf 79' lang='lat' dir='ltr'><strong>cas.</strong></span> <span class='ocrx_word' id='word_1_3' title='bbox 487 405 632 455; x_wconf 80' lang='lat' dir='ltr'><strong>unuin.</strong></span> <span class='ocrx_word' id='word_1_4' title='bbox 656 407 696 454; x_wconf 76' lang='lat' dir='ltr'><strong>an</strong></span> <span class='ocrx_word' id='word_1_5' title='bbox 722 406 792 455; x_wconf 82' lang='lat' dir='ltr'><strong>rsa.</strong></span> <span class='ocrx_word' id='word_1_6' title='bbox 808 383 908 456; x_wconf 67' lang='lat' dir='ltr'><strong>tort</strong></span> <span class='ocrx_word' id='word_1_7' title='bbox 930 394 958 470; x_wconf 70' lang='lat' dir='ltr'><strong>t.</strong></span> <span class='ocrx_word' id='word_1_8' title='bbox 973 389 1007 456; x_wconf 64' lang='grc' dir='ltr'><strong>Ξ.</strong></span> <span class='ocrx_word' id='word_1_9' title='bbox 1166 385 1259 462; x_wconf 82' lang='lat'><strong>755*</strong></span> 
     </span>
    </p>
   </div>
   <div class='ocr_carea' id='block_1_3' title="bbox 105 602 1393 4438">
    <p class='ocr_par' dir='ltr' id='par_1_3' title="bbox 105 602 1393 4438">
     <span class='ocr_line' id='line_1_3' title="bbox 154 602 1393 683; baseline -0.001 -16"><span class='ocrx_word' id='word_1_10' title='bbox 154 610 188 667; x_wconf 92' lang='lat' dir='ltr'><strong>et</strong></span> <span class='ocrx_word' id='word_1_11' title='bbox 208 604 399 683; x_wconf 70' lang='lat' dir='ltr'><strong>instaurent,</strong></span> <span class='ocrx_word' id='word_1_12' title='bbox 421 602 606 667; x_wconf 89' lang='lat' dir='ltr'><strong>Sarmaticas</strong></span> <span class='ocrx_word' id='word_1_13' title='bbox 632 607 751 665; x_wconf 87' lang='lat' dir='ltr'><strong>vestras</strong></span> <span class='ocrx_word' id='word_1_14' title='bbox 774 608 805 665; x_wconf 86' lang='lat' dir='ltr'><strong>et</strong></span> <span class='ocrx_word' id='word_1_15' title='bbox 823 602 967 667; x_wconf 90' lang='lat' dir='ltr'><strong>Raeticas</strong></span> <span class='ocrx_word' id='word_1_16' title='bbox 992 610 1024 668; x_wconf 91' lang='lat' dir='ltr'><strong>et</strong></span> <span class='ocrx_word' id='word_1_17' title='bbox 1043 604 1262 670; x_wconf 68' lang='lat' dir='ltr'><strong>manethera.</strong></span> <span class='ocrx_word' id='word_1_18' title='bbox 1382 655 1393 666; x_wconf 86' lang='lat'>.</span> 
     </span>
     <span class='ocr_line' id='line_1_4' title="bbox 153 690 1260 794; baseline 0.007 -16"><span class='ocrx_word' id='word_1_19' title='bbox 153 732 211 778; x_wconf 84' lang='lat' dir='ltr'><strong>aas</strong></span> <span class='ocrx_word' id='word_1_20' title='bbox 234 714 446 794; x_wconf 71' lang='lat' dir='ltr'><strong>expeditiones</strong></span> <span class='ocrx_word' id='word_1_21' title='bbox 469 714 575 776; x_wconf 87' lang='lat' dir='ltr'><strong>surore</strong></span> <span class='ocrx_word' id='word_1_22' title='bbox 587 690 730 794; x_wconf 85' lang='lat' dir='ltr'><strong>percitae</strong></span> <span class='ocrx_word' id='word_1_23' title='bbox 751 713 781 775; x_wconf 94' lang='lat' dir='ltr'><strong>in</strong></span> <span class='ocrx_word' id='word_1_24' title='bbox 803 720 901 779; x_wconf 89' lang='lat' dir='ltr'><strong>semet</strong></span> <span class='ocrx_word' id='word_1_25' title='bbox 921 716 1103 780; x_wconf 81' lang='lat' dir='ltr'><strong>imitentur“.</strong></span> <span class='ocrx_word' id='word_1_26' title='bbox 1127 717 1260 786; x_wconf 74' lang='lat' dir='ltr'><strong>urmes.</strong></span> 
     </span>
     <span class='ocr_line' id='line_1_5' title="bbox 151 823 1259 907; baseline 0.005 -17"><span class='ocrx_word' id='word_1_27' title='bbox 151 828 186 890; x_wconf 89' lang='lat' dir='ltr'><strong>in</strong></span> <span class='ocrx_word' id='word_1_28' title='bbox 208 843 322 907; x_wconf 80' lang='lat' dir='ltr'><strong>paneg.</strong></span> <span class='ocrx_word' id='word_1_29' title='bbox 337 825 516 888; x_wconf 85' lang='lat' dir='ltr'><strong>Constantio</strong></span> <span class='ocrx_word' id='word_1_30' title='bbox 538 825 568 886; x_wconf 91' lang='lat' dir='ltr'><strong>d.</strong></span> <span class='ocrx_word' id='word_1_31' title='bbox 583 843 649 905; x_wconf 86' lang='lat' dir='ltr'><strong>cap.</strong></span> <span class='ocrx_word' id='word_1_32' title='bbox 664 826 693 887; x_wconf 76' lang='lat' dir='ltr'><strong>i.</strong></span> <span class='ocrx_word' id='word_1_33' title='bbox 710 870 738 906; x_wconf 81' lang='grc'><strong>,,.</strong></span> <span class='ocrx_word' id='word_1_34' title='bbox 750 871 757 886; x_wconf 99' lang='grc'><strong>.</strong></span> <span class='ocrx_word' id='word_1_35' title='bbox 769 871 776 886; x_wconf 98' lang='grc'><strong>.</strong></span> <span class='ocrx_word' id='word_1_36' title='bbox 788 823 878 887; x_wconf 92' lang='lat' dir='ltr'><strong>mibi.</strong></span> <span class='ocrx_word' id='word_1_37' title='bbox 891 871 898 886; x_wconf 92' lang='lat'><strong>.</strong></span> <span class='ocrx_word' id='word_1_38' title='bbox 911 827 1114 890; x_wconf 73' lang='lat' dir='ltr'><strong>transeunda</strong></span> <span class='ocrx_word' id='word_1_39' title='bbox 1131 834 1259 897; x_wconf 88' lang='lat' dir='ltr'><strong>suat...</strong></span> 
     </span>
     <span class='ocr_line' id='line_1_6' title="bbox 153 934 1261 1018; baseline -0.004 -17"><span class='ocrx_word' id='word_1_40' title='bbox 153 955 191 1001; x_wconf 89' lang='lat' dir='ltr'><strong>ea</strong></span> <span class='ocrx_word' id='word_1_41' title='bbox 211 936 325 1018; x_wconf 86' lang='lat' dir='ltr'><strong>quibus</strong></span> <span class='ocrx_word' id='word_1_42' title='bbox 348 934 451 998; x_wconf 88' lang='lat' dir='ltr'><strong>cilicio</strong></span> <span class='ocrx_word' id='word_1_43' title='bbox 481 934 575 998; x_wconf 89' lang='lat' dir='ltr'><strong>delati</strong></span> <span class='ocrx_word' id='word_1_44' title='bbox 598 935 713 998; x_wconf 89' lang='lat' dir='ltr'><strong>mibia</strong></span> <span class='ocrx_word' id='word_1_45' title='bbox 743 934 904 998; x_wconf 90' lang='lat' dir='ltr'><strong>divinitate</strong></span> <span class='ocrx_word' id='word_1_46' title='bbox 924 943 1029 1001; x_wconf 85' lang='lat' dir='ltr'><strong>vestra</strong></span> <span class='ocrx_word' id='word_1_47' title='bbox 1055 938 1185 1002; x_wconf 88' lang='lat' dir='ltr'><strong>honoris</strong></span> <span class='ocrx_word' id='word_1_48' title='bbox 1207 943 1261 1006; x_wconf 84' lang='lat' dir='ltr'><strong>in.</strong></span> 
     </span>
     <span class='ocr_line' id='line_1_7' title="bbox 153 1045 1260 1140; baseline 0.005 -30"><span class='ocrx_word' id='word_1_49' title='bbox 153 1046 258 1123; x_wconf 83' lang='lat' dir='ltr'><strong>terfui,</strong></span> <span class='ocrx_word' id='word_1_50' title='bbox 282 1051 388 1140; x_wconf 81' lang='lat' dir='ltr'><strong>captus</strong></span> <span class='ocrx_word' id='word_1_51' title='bbox 406 1045 474 1109; x_wconf 88' lang='lat' dir='ltr'><strong>scil.</strong></span> <span class='ocrx_word' id='word_1_52' title='bbox 498 1063 555 1109; x_wconf 87' lang='lat' dir='ltr'><strong>rex</strong></span> <span class='ocrx_word' id='word_1_53' title='bbox 577 1045 790 1109; x_wconf 81' lang='lat' dir='ltr'><strong>ferocissimae</strong></span> <span class='ocrx_word' id='word_1_54' title='bbox 813 1046 946 1109; x_wconf 88' lang='lat' dir='ltr'><strong>nationis</strong></span> <span class='ocrx_word' id='word_1_55' title='bbox 971 1047 1052 1111; x_wconf 89' lang='lat' dir='ltr'><strong>inter</strong></span> <span class='ocrx_word' id='word_1_56' title='bbox 1073 1048 1158 1128; x_wconf 90' lang='lat' dir='ltr'><strong>ipsas</strong></span> <span class='ocrx_word' id='word_1_57' title='bbox 1184 1056 1260 1134; x_wconf 79' lang='lat' dir='ltr'><strong>quas&#39;</strong></span> 
     </span>
     <span class='ocr_line' id='line_1_8' title="bbox 151 1140 1338 1236; baseline -0.003 -16"><span class='ocrx_word' id='word_1_58' title='bbox 151 1155 336 1221; x_wconf 76' lang='lat' dir='ltr'><strong>moliebatur</strong></span> <span class='ocrx_word' id='word_1_59' title='bbox 357 1154 486 1219; x_wconf 91' lang='lat' dir='ltr'><strong>insidias</strong></span> <span class='ocrx_word' id='word_1_60' title='bbox 508 1161 569 1218; x_wconf 89' lang='lat' dir='ltr'><strong>cta</strong></span> <span class='ocrx_word' id='word_1_61' title='bbox 590 1140 683 1236; x_wconf 70' lang='lat' dir='ltr'><strong>pont&#39;c</strong></span> <span class='ocrx_word' id='word_1_62' title='bbox 702 1154 802 1220; x_wconf 87' lang='lat' dir='ltr'><strong>Rbeni</strong></span> <span class='ocrx_word' id='word_1_63' title='bbox 822 1173 920 1236; x_wconf 83' lang='lat' dir='ltr'><strong>usquc</strong></span> <span class='ocrx_word' id='word_1_64' title='bbox 941 1155 981 1219; x_wconf 92' lang='lat' dir='ltr'><strong>ad</strong></span> <span class='ocrx_word' id='word_1_65' title='bbox 997 1157 1132 1221; x_wconf 77' lang='lat' dir='ltr'><strong>Danubii</strong></span> <span class='ocrx_word' id='word_1_66' title='bbox 1153 1165 1260 1226; x_wconf 87' lang='lat' dir='ltr'><strong>trans..</strong></span> <span class='ocrx_word' id='word_1_67' title='bbox 1334 1157 1338 1164; x_wconf 87' lang='lat'><em>&#39;</em></span> 
     </span>
     <span class='ocr_line' id='line_1_9' title="bbox 153 1263 1260 1348; baseline 0.007 -19"><span class='ocrx_word' id='word_1_68' title='bbox 153 1267 228 1329; x_wconf 82' lang='lat' dir='ltr'><strong>itum</strong></span> <span class='ocrx_word' id='word_1_69' title='bbox 250 1264 449 1328; x_wconf 81' lang='lat' dir='ltr'><strong>Guntienscm</strong></span> <span class='ocrx_word' id='word_1_70' title='bbox 473 1265 530 1340; x_wconf 89' lang='lat' dir='ltr'><strong>(ci.</strong></span> <span class='ocrx_word' id='word_1_71' title='bbox 546 1263 626 1328; x_wconf 88' lang='lat' dir='ltr'><strong>inira</strong></span> <span class='ocrx_word' id='word_1_72' title='bbox 645 1264 684 1328; x_wconf 88' lang='lat' dir='ltr'><strong>ad</strong></span> <span class='ocrx_word' id='word_1_73' title='bbox 696 1265 724 1340; x_wconf 72' lang='lat' dir='ltr'><strong>i.</strong></span> <span class='ocrx_word' id='word_1_74' title='bbox 737 1267 803 1343; x_wconf 84' lang='lat'>11.)</span> <span class='ocrx_word' id='word_1_75' title='bbox 815 1264 974 1329; x_wconf 83' lang='lat' dir='ltr'><strong>devastata</strong></span> <span class='ocrx_word' id='word_1_76' title='bbox 997 1272 1089 1348; x_wconf 83' lang='lat' dir='ltr'><strong>atque</strong></span> <span class='ocrx_word' id='word_1_77' title='bbox 1110 1269 1260 1337; x_wconf 82' lang='lat' dir='ltr'><strong>exhausta</strong></span> 
     </span>
     <span class='ocr_line' id='line_1_10' title="bbox 151 1374 1260 1458; baseline 0.005 -18"><span class='ocrx_word' id='word_1_78' title='bbox 151 1376 273 1458; x_wconf 87' lang='lat' dir='ltr'><strong>penitus</strong></span> <span class='ocrx_word' id='word_1_79' title='bbox 294 1375 513 1439; x_wconf 82' lang='lat' dir='ltr'><strong>Alamannia..</strong></span> <span class='ocrx_word' id='word_1_80' title='bbox 526 1381 553 1436; x_wconf 77' lang='lat'><strong>.“</strong></span> <span class='ocrx_word' id='word_1_81' title='bbox 574 1374 617 1437; x_wconf 85' lang='lat' dir='ltr'><strong>id.</strong></span> <span class='ocrx_word' id='word_1_82' title='bbox 631 1393 658 1436; x_wconf 90' lang='lat' dir='ltr'><strong>c.</strong></span> <span class='ocrx_word' id='word_1_83' title='bbox 671 1375 702 1438; x_wconf 83' lang='lat'><strong>3.</strong></span> <span class='ocrx_word' id='word_1_84' title='bbox 716 1419 744 1455; x_wconf 82' lang='lat'><strong>„.</strong></span> <span class='ocrx_word' id='word_1_85' title='bbox 757 1421 764 1436; x_wconf 91' lang='lat'><strong>.</strong></span> <span class='ocrx_word' id='word_1_86' title='bbox 777 1376 930 1456; x_wconf 82' lang='lat' dir='ltr'><strong>porrectis</strong></span> <span class='ocrx_word' id='word_1_87' title='bbox 952 1393 1050 1457; x_wconf 85' lang='lat' dir='ltr'><strong>usque</strong></span> <span class='ocrx_word' id='word_1_88' title='bbox 1072 1377 1112 1441; x_wconf 87' lang='lat' dir='ltr'><strong>ad</strong></span> <span class='ocrx_word' id='word_1_89' title='bbox 1125 1379 1260 1445; x_wconf 79' lang='lat' dir='ltr'><strong>Danubii</strong></span> 
     </span>
     <span class='ocr_line' id='line_1_11' title="bbox 105 1480 1260 1570; baseline 0.003 -20"><span class='ocrx_word' id='word_1_90' title='bbox 105 1548 106 1570; x_wconf 26' lang='lat' dir='ltr'><strong>p</strong></span> <span class='ocrx_word' id='word_1_91' title='bbox 153 1492 244 1568; x_wconf 88' lang='lat' dir='ltr'><strong>caput</strong></span> <span class='ocrx_word' id='word_1_92' title='bbox 265 1480 449 1550; x_wconf 83' lang='lat' dir='ltr'><strong>Germaniae</strong></span> <span class='ocrx_word' id='word_1_93' title='bbox 471 1485 659 1565; x_wconf 83' lang='lat' dir='ltr'><strong>Raetiaeque</strong></span> <span class='ocrx_word' id='word_1_94' title='bbox 680 1484 827 1548; x_wconf 89' lang='lat' dir='ltr'><strong>limitibus</strong></span> <span class='ocrx_word' id='word_1_95' title='bbox 850 1485 1004 1550; x_wconf 81' lang='lat' dir='ltr'><strong>destinata</strong></span> <span class='ocrx_word' id='word_1_96' title='bbox 1024 1486 1171 1553; x_wconf 85' lang='lat' dir='ltr'><strong>Bataviae</strong></span> <span class='ocrx_word' id='word_1_97' title='bbox 1188 1489 1260 1553; x_wconf 90' lang='lat' dir='ltr'><strong>Bri-</strong></span> 
     </span>
     <span class='ocr_line' id='line_1_12' title="bbox 155 1579 1260 1681; baseline 0.003 -20"><span class='ocrx_word' id='word_1_98' title='bbox 155 1597 341 1678; x_wconf 86' lang='lat' dir='ltr'><strong>tanniaeque</strong></span> <span class='ocrx_word' id='word_1_99' title='bbox 362 1596 583 1659; x_wconf 85' lang='lat' dir='ltr'><strong>vindicta...“</strong></span> <span class='ocrx_word' id='word_1_100' title='bbox 607 1601 638 1659; x_wconf 91' lang='lat' dir='ltr'><strong>et</strong></span> <span class='ocrx_word' id='word_1_101' title='bbox 653 1579 901 1676; x_wconf 79' lang='lat' dir='ltr'><strong>cap.10.‚‚Tunc</strong></span> <span class='ocrx_word' id='word_1_102' title='bbox 925 1597 1000 1674; x_wconf 82' lang='lat' dir='ltr'><strong>(sub</strong></span> <span class='ocrx_word' id='word_1_103' title='bbox 1023 1599 1163 1681; x_wconf 89' lang='lat' dir='ltr'><strong>principe</strong></span> <span class='ocrx_word' id='word_1_104' title='bbox 1182 1600 1260 1664; x_wconf 87' lang='lat' dir='ltr'><strong>Gal-</strong></span> 
     </span>
     <span class='ocr_line' id='line_1_13' title="bbox 120 1692 1260 1791; baseline 0.004 -20"><span class='ocrx_word' id='word_1_105' title='bbox 120 1751 123 1758; x_wconf 79' lang='lat'>·</span> <span class='ocrx_word' id='word_1_106' title='bbox 153 1707 255 1785; x_wconf 85' lang='lat' dir='ltr'><strong>lieno)</strong></span> <span class='ocrx_word' id='word_1_107' title='bbox 277 1707 345 1770; x_wconf 87' lang='lat' dir='ltr'><strong>sive</strong></span> <span class='ocrx_word' id='word_1_108' title='bbox 368 1692 488 1768; x_wconf 83' lang='lat' dir='ltr'><strong>incu&#39;ria</strong></span> <span class='ocrx_word' id='word_1_109' title='bbox 510 1722 614 1768; x_wconf 90' lang='lat' dir='ltr'><strong>rerum</strong></span> <span class='ocrx_word' id='word_1_110' title='bbox 644 1704 712 1768; x_wconf 87' lang='lat' dir='ltr'><strong>siue</strong></span> <span class='ocrx_word' id='word_1_111' title='bbox 740 1704 871 1784; x_wconf 82' lang='lat' dir='ltr'><strong>quadam</strong></span> <span class='ocrx_word' id='word_1_112' title='bbox 897 1706 1097 1791; x_wconf 82' lang='lat' dir='ltr'><strong>inclinatione</strong></span> <span class='ocrx_word' id='word_1_113' title='bbox 1125 1707 1260 1776; x_wconf 84' lang='lat' dir='ltr'><strong>fatorum</strong></span> 
     </span>
     <span class='ocr_line' id='line_1_14' title="bbox 153 1816 1261 1913; baseline -0.001 -30"><span class='ocrx_word' id='word_1_114' title='bbox 153 1819 294 1883; x_wconf 90' lang='lat' dir='ltr'><strong>omnibus</strong></span> <span class='ocrx_word' id='word_1_115' title='bbox 316 1817 384 1880; x_wconf 88' lang='lat' dir='ltr'><strong>fere</strong></span> <span class='ocrx_word' id='word_1_116' title='bbox 406 1816 550 1880; x_wconf 90' lang='lat' dir='ltr'><strong>membris</strong></span> <span class='ocrx_word' id='word_1_117' title='bbox 574 1821 641 1879; x_wconf 89' lang='lat' dir='ltr'><strong>erat</strong></span> <span class='ocrx_word' id='word_1_118' title='bbox 664 1821 804 1878; x_wconf 88' lang='lat' dir='ltr'><strong>truncata</strong></span> <span class='ocrx_word' id='word_1_119' title='bbox 827 1834 879 1878; x_wconf 87' lang='lat' dir='ltr'><strong>res</strong></span> <span class='ocrx_word' id='word_1_120' title='bbox 889 1834 936 1897; x_wconf 82' lang='lat' dir='ltr'><strong>p.;</strong></span> <span class='ocrx_word' id='word_1_121' title='bbox 966 1822 1038 1913; x_wconf 64' lang='lat' dir='ltr'><strong>tunp</strong></span> <span class='ocrx_word' id='word_1_122' title='bbox 1065 1836 1101 1881; x_wconf 92' lang='lat' dir='ltr'><strong>se</strong></span> <span class='ocrx_word' id='word_1_123' title='bbox 1131 1820 1261 1888; x_wconf 82' lang='lat' dir='ltr'><strong>nimium</strong></span> 
     </span>
     <span class='ocr_line' id='line_1_15' title="bbox 105 1924 1259 2013; baseline 0.001 -20"><span class='ocrx_word' id='word_1_124' title='bbox 105 1950 107 1979; x_wconf 75' lang='lat'>1</span> <span class='ocrx_word' id='word_1_125' title='bbox 152 1935 182 1994; x_wconf 87' lang='lat' dir='ltr'><strong>st</strong></span> <span class='ocrx_word' id='word_1_126' title='bbox 202 1927 329 1992; x_wconf 88' lang='lat' dir='ltr'><strong>Parthus</strong></span> <span class='ocrx_word' id='word_1_127' title='bbox 352 1926 504 1990; x_wconf 87' lang='lat' dir='ltr'><strong>extulerat</strong></span> <span class='ocrx_word' id='word_1_128' title='bbox 526 1932 557 1988; x_wconf 93' lang='lat' dir='ltr'><strong>et</strong></span> <span class='ocrx_word' id='word_1_129' title='bbox 576 1924 773 2006; x_wconf 73' lang='lat' dir='ltr'><strong>Palmyrenus</strong></span> <span class='ocrx_word' id='word_1_130' title='bbox 795 1932 993 2005; x_wconf 83' lang='lat' dir='ltr'><strong>aequaverat,</strong></span> <span class='ocrx_word' id='word_1_131' title='bbox 1017 1932 1082 1990; x_wconf 91' lang='lat' dir='ltr'><strong>tota</strong></span> <span class='ocrx_word' id='word_1_132' title='bbox 1096 1927 1259 2013; x_wconf 69' lang='lat' dir='ltr'><strong>Aegyptus</strong></span> 
     </span>
     <span class='ocr_line' id='line_1_16' title="bbox 151 2036 1261 2124; baseline -0.001 -17"><span class='ocrx_word' id='word_1_133' title='bbox 151 2041 321 2124; x_wconf 76' lang='lat' dir='ltr'><strong>Syriaeque</strong></span> <span class='ocrx_word' id='word_1_134' title='bbox 342 2039 540 2116; x_wconf 86' lang='lat' dir='ltr'><strong>deiecerant,</strong></span> <span class='ocrx_word' id='word_1_135' title='bbox 563 2036 677 2098; x_wconf 87' lang='lat' dir='ltr'><strong>amissa</strong></span> <span class='ocrx_word' id='word_1_136' title='bbox 698 2036 825 2115; x_wconf 86' lang='lat' dir='ltr'><strong>Raetia,</strong></span> <span class='ocrx_word' id='word_1_137' title='bbox 851 2036 998 2100; x_wconf 90' lang='lat' dir='ltr'><strong>Noricum</strong></span> <span class='ocrx_word' id='word_1_138' title='bbox 1020 2036 1261 2122; x_wconf 84' lang='lat' dir='ltr'><strong>Pannoniaeque</strong></span> 
     </span>
     <span class='ocr_line' id='line_1_17' title="bbox 150 2144 1260 2229; baseline -0.001 -13"><span class='ocrx_word' id='word_1_139' title='bbox 150 2156 298 2229; x_wconf 79' lang='lat' dir='ltr'><strong>vastatae,</strong></span> <span class='ocrx_word' id='word_1_140' title='bbox 322 2148 407 2212; x_wconf 89' lang='lat' dir='ltr'><strong>ltalia</strong></span> <span class='ocrx_word' id='word_1_141' title='bbox 429 2148 495 2228; x_wconf 88' lang='lat' dir='ltr'><strong>ipsa</strong></span> <span class='ocrx_word' id='word_1_142' title='bbox 518 2145 654 2229; x_wconf 80' lang='lat' dir='ltr'><strong>gentium</strong></span> <span class='ocrx_word' id='word_1_143' title='bbox 677 2145 801 2207; x_wconf 90' lang='lat' dir='ltr'><strong>domina</strong></span> <span class='ocrx_word' id='word_1_144' title='bbox 824 2144 1023 2226; x_wconf 89' lang='lat' dir='ltr'><strong>plurimarum</strong></span> <span class='ocrx_word' id='word_1_145' title='bbox 1043 2147 1165 2213; x_wconf 84' lang='lat' dir='ltr'><strong>urbium</strong></span> <span class='ocrx_word' id='word_1_146' title='bbox 1185 2168 1260 2216; x_wconf 87' lang='lat' dir='ltr'><strong>sua-</strong></span> 
     </span>
     <span class='ocr_line' id='line_1_18' title="bbox 151 2253 1260 2326; baseline -0.003 1"><span class='ocrx_word' id='word_1_147' title='bbox 151 2279 218 2326; x_wconf 88' lang='lat' dir='ltr'><strong>rum</strong></span> <span class='ocrx_word' id='word_1_148' title='bbox 239 2258 361 2325; x_wconf 83' lang='lat' dir='ltr'><strong>excidia</strong></span> <span class='ocrx_word' id='word_1_149' title='bbox 384 2256 576 2320; x_wconf 76' lang='lat' dir='ltr'><strong>maerebat‘.</strong></span> <span class='ocrx_word' id='word_1_150' title='bbox 599 2255 645 2318; x_wconf 83' lang='lat' dir='ltr'><strong>Gi.</strong></span> <span class='ocrx_word' id='word_1_151' title='bbox 658 2256 722 2319; x_wconf 86' lang='lat' dir='ltr'><strong>loa.</strong></span> <span class='ocrx_word' id='word_1_152' title='bbox 735 2253 855 2318; x_wconf 83' lang='lat' dir='ltr'><strong>biriileri</strong></span> <span class='ocrx_word' id='word_1_153' title='bbox 867 2254 937 2318; x_wconf 90' lang='lat' dir='ltr'><strong>bist.</strong></span> <span class='ocrx_word' id='word_1_154' title='bbox 949 2253 1068 2319; x_wconf 81' lang='lat' dir='ltr'><strong>Heluet.</strong></span> <span class='ocrx_word' id='word_1_155' title='bbox 1079 2257 1101 2320; x_wconf 87' lang='lat'><strong>1.</strong></span> <span class='ocrx_word' id='word_1_156' title='bbox 1113 2257 1144 2320; x_wconf 86' lang='lat'><strong>7.</strong></span> <span class='ocrx_word' id='word_1_157' title='bbox 1159 2259 1260 2324; x_wconf 89' lang='lat' dir='ltr'><strong>Etiam</strong></span> 
     </span>
     <span class='ocr_line' id='line_1_19' title="bbox 150 2364 1260 2455; baseline -0.004 -18"><span class='ocrx_word' id='word_1_158' title='bbox 150 2378 311 2455; x_wconf 82' lang='lat' dir='ltr'><strong>postquam</strong></span> <span class='ocrx_word' id='word_1_159' title='bbox 333 2368 480 2446; x_wconf 86' lang='lat' dir='ltr'><strong>Raetiae,</strong></span> <span class='ocrx_word' id='word_1_160' title='bbox 513 2365 603 2429; x_wconf 86' lang='lat' dir='ltr'><strong>bellis</strong></span> <span class='ocrx_word' id='word_1_161' title='bbox 634 2384 671 2429; x_wconf 93' lang='lat' dir='ltr'><strong>ac</strong></span> <span class='ocrx_word' id='word_1_162' title='bbox 699 2364 900 2428; x_wconf 90' lang='lat' dir='ltr'><strong>barbarorum</strong></span> <span class='ocrx_word' id='word_1_163' title='bbox 931 2364 1161 2431; x_wconf 89' lang='lat' dir='ltr'><strong>incursionibus</strong></span> <span class='ocrx_word' id='word_1_164' title='bbox 1191 2368 1260 2434; x_wconf 87' lang='lat' dir='ltr'><strong>iere</strong></span> 
     </span>
     <span class='ocr_line' id='line_1_20' title="bbox 150 2476 1260 2567; baseline -0.005 -19"><span class='ocrx_word' id='word_1_165' title='bbox 150 2489 222 2567; x_wconf 86' lang='lat' dir='ltr'><strong>post</strong></span> <span class='ocrx_word' id='word_1_166' title='bbox 240 2483 447 2547; x_wconf 90' lang='lat' dir='ltr'><strong>Romanorum</strong></span> <span class='ocrx_word' id='word_1_167' title='bbox 473 2477 601 2559; x_wconf 89' lang='lat' dir='ltr'><strong>primam</strong></span> <span class='ocrx_word' id='word_1_168' title='bbox 626 2476 862 2558; x_wconf 87' lang='lat' dir='ltr'><strong>occupationem</strong></span> <span class='ocrx_word' id='word_1_169' title='bbox 884 2476 1105 2540; x_wconf 82' lang='lat' dir='ltr'><strong>vexatissimae</strong></span> <span class='ocrx_word' id='word_1_170' title='bbox 1130 2484 1180 2558; x_wconf 87' lang='lat' dir='ltr'><strong>(ut</strong></span> <span class='ocrx_word' id='word_1_171' title='bbox 1198 2479 1260 2544; x_wconf 89' lang='lat' dir='ltr'><strong>im-</strong></span> 
     </span>
     <span class='ocr_line' id='line_1_21' title="bbox 151 2585 1261 2676; baseline -0.003 -19"><span class='ocrx_word' id='word_1_172' title='bbox 151 2593 258 2676; x_wconf 85' lang='lat' dir='ltr'><strong>primis</strong></span> <span class='ocrx_word' id='word_1_173' title='bbox 279 2610 318 2655; x_wconf 83' lang='lat' dir='ltr'><strong>ex</strong></span> <span class='ocrx_word' id='word_1_174' title='bbox 340 2588 555 2671; x_wconf 86' lang='lat' dir='ltr'><strong>superstitibus</strong></span> <span class='ocrx_word' id='word_1_175' title='bbox 567 2587 723 2650; x_wconf 82' lang='lat' dir='ltr'><strong>Ammiani</strong></span> <span class='ocrx_word' id='word_1_176' title='bbox 743 2587 941 2650; x_wconf 88' lang='lat' dir='ltr'><strong>historiarum</strong></span> <span class='ocrx_word' id='word_1_177' title='bbox 962 2585 1051 2650; x_wconf 92' lang='lat' dir='ltr'><strong>libris</strong></span> <span class='ocrx_word' id='word_1_178' title='bbox 1072 2586 1261 2672; x_wconf 85' lang='lat' dir='ltr'><strong>Zosimoque</strong></span> 
     </span>
     <span class='ocr_line' id='line_1_22' title="bbox 152 2683 1262 2781; baseline -0.003 -13"><span class='ocrx_word' id='word_1_179' title='bbox 152 2704 193 2768; x_wconf 86' lang='lat' dir='ltr'><strong>de</strong></span> <span class='ocrx_word' id='word_1_180' title='bbox 215 2702 254 2766; x_wconf 90' lang='lat' dir='ltr'><strong>iis</strong></span> <span class='ocrx_word' id='word_1_181' title='bbox 276 2699 464 2781; x_wconf 90' lang='lat' dir='ltr'><strong>temporibus</strong></span> <span class='ocrx_word' id='word_1_182' title='bbox 489 2715 567 2779; x_wconf 84' lang='lat' dir='ltr'><strong>quae</strong></span> <span class='ocrx_word' id='word_1_183' title='bbox 580 2698 661 2780; x_wconf 75' lang='lat' dir='ltr'><strong>hanc</strong></span> <span class='ocrx_word' id='word_1_184' title='bbox 674 2697 818 2763; x_wconf 90' lang='lat' dir='ltr'><strong>Notitiam</strong></span> <span class='ocrx_word' id='word_1_185' title='bbox 839 2704 870 2760; x_wconf 89' lang='lat' dir='ltr'><strong>et</strong></span> <span class='ocrx_word' id='word_1_186' title='bbox 891 2683 1262 2778; x_wconf 57' lang='lat' dir='ltr'><strong>praecesseramtetsub&#39;-</strong></span> 
     </span>
     <span class='ocr_line' id='line_1_23' title="bbox 121 2808 1262 2889; baseline -0.002 -12"><span class='ocrx_word' id='word_1_187' title='bbox 121 2836 131 2851; x_wconf 72' lang='grc'><em>’</em></span> <span class='ocrx_word' id='word_1_188' title='bbox 152 2817 258 2878; x_wconf 87' lang='lat' dir='ltr'><strong>secuta</strong></span> <span class='ocrx_word' id='word_1_189' title='bbox 278 2816 357 2887; x_wconf 91' lang='lat' dir='ltr'><strong>sunt,</strong></span> <span class='ocrx_word' id='word_1_190' title='bbox 383 2809 476 2874; x_wconf 84' lang='lat' dir='ltr'><strong>facile</strong></span> <span class='ocrx_word' id='word_1_191' title='bbox 496 2808 652 2886; x_wconf 84' lang='lat' dir='ltr'><strong>videmus]</strong></span> <span class='ocrx_word' id='word_1_192' title='bbox 675 2809 833 2873; x_wconf 84' lang='lat' dir='ltr'><strong>Romanae</strong></span> <span class='ocrx_word' id='word_1_193' title='bbox 855 2808 1036 2889; x_wconf 84' lang='lat' dir='ltr'><strong>provinciae</strong></span> <span class='ocrx_word' id='word_1_194' title='bbox 1060 2826 1131 2873; x_wconf 89' lang='lat' dir='ltr'><strong>esse</strong></span> <span class='ocrx_word' id='word_1_195' title='bbox 1154 2811 1262 2876; x_wconf 90' lang='lat' dir='ltr'><strong>desie-</strong></span> 
     </span>
     <span class='ocr_line' id='line_1_24' title="bbox 152 2915 1282 3003; baseline -0.001 -15"><span class='ocrx_word' id='word_1_196' title='bbox 152 2928 239 3000; x_wconf 87' lang='lat' dir='ltr'><strong>rant,</strong></span> <span class='ocrx_word' id='word_1_197' title='bbox 261 2938 359 3003; x_wconf 80' lang='lat' dir='ltr'><strong>usquc</strong></span> <span class='ocrx_word' id='word_1_198' title='bbox 385 2920 423 2982; x_wconf 87' lang='lat' dir='ltr'><strong>ad</strong></span> <span class='ocrx_word' id='word_1_199' title='bbox 446 2920 600 2983; x_wconf 91' lang='lat' dir='ltr'><strong>interitum</strong></span> <span class='ocrx_word' id='word_1_200' title='bbox 624 2918 759 2982; x_wconf 91' lang='lat' dir='ltr'><strong>Gottbici</strong></span> <span class='ocrx_word' id='word_1_201' title='bbox 784 2919 892 3001; x_wconf 82' lang='lat' dir='ltr'><strong>regni,</strong></span> <span class='ocrx_word' id='word_1_202' title='bbox 917 2920 986 2981; x_wconf 89' lang='lat' dir='ltr'><strong>Dux</strong></span> <span class='ocrx_word' id='word_1_203' title='bbox 1002 2920 1179 2985; x_wconf 86' lang='lat' dir='ltr'><strong>Raetiarum</strong></span> <span class='ocrx_word' id='word_1_204' title='bbox 1202 2915 1282 2988; x_wconf 78' lang='lat' dir='ltr'><strong>bas&#39;</strong></span> 
     </span>
     <span class='ocr_line' id='line_1_25' title="bbox 152 3027 1259 3117; baseline 0 -20"><span class='ocrx_word' id='word_1_205' title='bbox 152 3033 300 3117; x_wconf 76' lang='lat' dir='ltr'><strong>regiones</strong></span> <span class='ocrx_word' id='word_1_206' title='bbox 323 3030 474 3108; x_wconf 89' lang='lat' dir='ltr'><strong>tuebatur,</strong></span> <span class='ocrx_word' id='word_1_207' title='bbox 498 3030 585 3092; x_wconf 85' lang='lat' dir='ltr'><strong>cuius</strong></span> <span class='ocrx_word' id='word_1_208' title='bbox 607 3027 768 3092; x_wconf 79' lang='lat' dir='ltr'><strong>formulam</strong></span> <span class='ocrx_word' id='word_1_209' title='bbox 786 3028 867 3110; x_wconf 83' lang='lat' dir='ltr'><strong>hanc</strong></span> <span class='ocrx_word' id='word_1_210' title='bbox 882 3028 1006 3092; x_wconf 85' lang='lat' dir='ltr'><strong>exhibet</strong></span> <span class='ocrx_word' id='word_1_211' title='bbox 1021 3030 1259 3097; x_wconf 84' lang='lat' dir='ltr'><strong>Cassidor.Var.</strong></span> 
     </span>
     <span class='ocr_line' id='line_1_26' title="bbox 153 3136 1260 3221; baseline -0.002 -14"><span class='ocrx_word' id='word_1_212' title='bbox 153 3142 217 3207; x_wconf 86' lang='lat' dir='ltr'><strong>vit.</strong></span> <span class='ocrx_word' id='word_1_213' title='bbox 232 3139 263 3204; x_wconf 74' lang='lat' dir='ltr'><strong>tl.</strong></span> <span class='ocrx_word' id='word_1_214' title='bbox 276 3139 439 3221; x_wconf 78' lang='lat' dir='ltr'><strong>„Formoto</strong></span> <span class='ocrx_word' id='word_1_215' title='bbox 464 3139 592 3200; x_wconf 82' lang='lat' dir='ltr'><strong>ducatos</strong></span> <span class='ocrx_word' id='word_1_216' title='bbox 614 3136 804 3201; x_wconf 80' lang='lat' dir='ltr'><strong>Raetiarum.</strong></span> <span class='ocrx_word' id='word_1_217' title='bbox 850 3138 995 3212; x_wconf 84' lang='lat' dir='ltr'><strong>Quamuis</strong></span> <span class='ocrx_word' id='word_1_218' title='bbox 1025 3139 1260 3221; x_wconf 83' lang='lat' dir='ltr'><strong>spectabilitatis</strong></span> 
     </span>
     <span class='ocr_line' id='line_1_27' title="bbox 153 3247 1262 3329; baseline -0.005 -12"><span class='ocrx_word' id='word_1_219' title='bbox 153 3253 256 3317; x_wconf 89' lang='lat' dir='ltr'><strong>bonor</strong></span> <span class='ocrx_word' id='word_1_220' title='bbox 278 3268 356 3314; x_wconf 89' lang='lat' dir='ltr'><strong>unus</strong></span> <span class='ocrx_word' id='word_1_221' title='bbox 379 3268 450 3314; x_wconf 89' lang='lat' dir='ltr'><strong>esse</strong></span> <span class='ocrx_word' id='word_1_222' title='bbox 472 3248 624 3327; x_wconf 85' lang='lat' dir='ltr'><strong>videatur,</strong></span> <span class='ocrx_word' id='word_1_223' title='bbox 647 3267 706 3312; x_wconf 91' lang='lat' dir='ltr'><strong>nec</strong></span> <span class='ocrx_word' id='word_1_224' title='bbox 729 3248 760 3309; x_wconf 89' lang='lat' dir='ltr'><strong>in</strong></span> <span class='ocrx_word' id='word_1_225' title='bbox 784 3247 833 3310; x_wconf 91' lang='lat' dir='ltr'><strong>bis</strong></span> <span class='ocrx_word' id='word_1_226' title='bbox 855 3248 970 3329; x_wconf 84' lang='lat' dir='ltr'><strong>aliquid</strong></span> <span class='ocrx_word' id='word_1_227' title='bbox 992 3247 1075 3311; x_wconf 90' lang='lat' dir='ltr'><strong>aliud</strong></span> <span class='ocrx_word' id='word_1_228' title='bbox 1097 3248 1158 3311; x_wconf 92' lang='lat' dir='ltr'><strong>nisi</strong></span> <span class='ocrx_word' id='word_1_229' title='bbox 1178 3255 1262 3312; x_wconf 90' lang='lat' dir='ltr'><strong>tenr-</strong></span> 
     </span>
     <span class='ocr_line' id='line_1_28' title="bbox 152 3357 1260 3448; baseline -0.003 -20"><span class='ocrx_word' id='word_1_230' title='bbox 152 3381 211 3448; x_wconf 78' lang='lat' dir='ltr'><strong>pns</strong></span> <span class='ocrx_word' id='word_1_231' title='bbox 231 3363 332 3428; x_wconf 89' lang='lat' dir='ltr'><strong>soleat</strong></span> <span class='ocrx_word' id='word_1_232' title='bbox 352 3359 517 3438; x_wconf 80' lang='lat' dir='ltr'><strong>anteferri,</strong></span> <span class='ocrx_word' id='word_1_233' title='bbox 541 3363 642 3422; x_wconf 88' lang='lat' dir='ltr'><strong>tamen</strong></span> <span class='ocrx_word' id='word_1_234' title='bbox 666 3376 768 3421; x_wconf 91' lang='lat' dir='ltr'><strong>rerum</strong></span> <span class='ocrx_word' id='word_1_235' title='bbox 790 3357 935 3438; x_wconf 80' lang='lat' dir='ltr'><strong>paralitate</strong></span> <span class='ocrx_word' id='word_1_236' title='bbox 955 3375 1108 3438; x_wconf 90' lang='lat' dir='ltr'><strong>perpensa</strong></span> <span class='ocrx_word' id='word_1_237' title='bbox 1134 3358 1260 3426; x_wconf 88' lang='lat' dir='ltr'><strong>multum</strong></span> 
     </span>
     <span class='ocr_line' id='line_1_29' title="bbox 153 3467 1259 3558; baseline -0.005 -19"><span class='ocrx_word' id='word_1_238' title='bbox 153 3475 206 3539; x_wconf 90' lang='lat' dir='ltr'><strong>bis</strong></span> <span class='ocrx_word' id='word_1_239' title='bbox 238 3472 387 3536; x_wconf 89' lang='lat' dir='ltr'><strong>creditum</strong></span> <span class='ocrx_word' id='word_1_240' title='bbox 418 3471 562 3549; x_wconf 88' lang='lat' dir='ltr'><strong>videtur,</strong></span> <span class='ocrx_word' id='word_1_241' title='bbox 593 3468 703 3551; x_wconf 80' lang='lat' dir='ltr'><strong>quibus</strong></span> <span class='ocrx_word' id='word_1_242' title='bbox 735 3468 903 3531; x_wconf 84' lang='lat' dir='ltr'><strong>confinales</strong></span> <span class='ocrx_word' id='word_1_243' title='bbox 934 3467 1036 3549; x_wconf 89' lang='lat' dir='ltr'><strong>populi</strong></span> <span class='ocrx_word' id='word_1_244' title='bbox 1067 3468 1259 3558; x_wconf 83' lang='lat' dir='ltr'><strong>deputantur,</strong></span> 
     </span>
     <span class='ocr_line' id='line_1_30' title="bbox 155 3578 1261 3671; baseline 0 -25"><span class='ocrx_word' id='word_1_245' title='bbox 155 3584 310 3665; x_wconf 80' lang='lat' dir='ltr'><strong>quianon</strong></span> <span class='ocrx_word' id='word_1_246' title='bbox 332 3588 379 3645; x_wconf 85' lang='lat' dir='ltr'><strong>est</strong></span> <span class='ocrx_word' id='word_1_247' title='bbox 404 3580 463 3644; x_wconf 85' lang='lat' dir='ltr'><strong>tale</strong></span> <span class='ocrx_word' id='word_1_248' title='bbox 484 3580 601 3662; x_wconf 89' lang='lat' dir='ltr'><strong>pacatis</strong></span> <span class='ocrx_word' id='word_1_249' title='bbox 623 3579 805 3661; x_wconf 80' lang='lat' dir='ltr'><strong>regionibus</strong></span> <span class='ocrx_word' id='word_1_250' title='bbox 828 3578 875 3640; x_wconf 90' lang='lat' dir='ltr'><strong>ius</strong></span> <span class='ocrx_word' id='word_1_251' title='bbox 899 3578 1016 3671; x_wconf 81' lang='lat' dir='ltr'><strong>licere,</strong></span> <span class='ocrx_word' id='word_1_252' title='bbox 1037 3579 1128 3660; x_wconf 84' lang='lat' dir='ltr'><strong>quale</strong></span> <span class='ocrx_word' id='word_1_253' title='bbox 1147 3596 1261 3663; x_wconf 90' lang='lat' dir='ltr'><strong>suspo-</strong></span> 
     </span>
     <span class='ocr_line' id='line_1_31' title="bbox 156 3670 1260 3778; baseline 0.001 -21"><span class='ocrx_word' id='word_1_254' title='bbox 156 3693 215 3758; x_wconf 92' lang='lat' dir='ltr'><strong>ctis</strong></span> <span class='ocrx_word' id='word_1_255' title='bbox 237 3681 380 3776; x_wconf 70' lang='lat' dir='ltr'><strong>gentibus</strong></span> <span class='ocrx_word' id='word_1_256' title='bbox 410 3690 566 3768; x_wconf 88' lang='lat' dir='ltr'><strong>assidere,</strong></span> <span class='ocrx_word' id='word_1_257' title='bbox 595 3689 646 3751; x_wconf 92' lang='lat' dir='ltr'><strong>ubi</strong></span> <span class='ocrx_word' id='word_1_258' title='bbox 675 3706 738 3751; x_wconf 94' lang='lat' dir='ltr'><strong>non</strong></span> <span class='ocrx_word' id='word_1_259' title='bbox 768 3694 883 3752; x_wconf 89' lang='lat' dir='ltr'><strong>tantum</strong></span> <span class='ocrx_word' id='word_1_260' title='bbox 905 3687 978 3778; x_wconf 76' lang='lat' dir='ltr'><strong>uitia</strong></span> <span class='ocrx_word' id='word_1_261' title='bbox 1007 3670 1151 3770; x_wconf 71' lang='lat' dir='ltr'><strong>puantura</strong></span> <span class='ocrx_word' id='word_1_262' title='bbox 1178 3691 1260 3759; x_wconf 87' lang='lat' dir='ltr'><strong>bella</strong></span> 
     </span>
     <span class='ocr_line' id='line_1_32' title="bbox 155 3798 1260 3888; baseline -0.001 -20"><span class='ocrx_word' id='word_1_263' title='bbox 155 3809 299 3888; x_wconf 88' lang='lat' dir='ltr'><strong>suspecta</strong></span> <span class='ocrx_word' id='word_1_264' title='bbox 323 3807 411 3867; x_wconf 90' lang='lat' dir='ltr'><strong>sunt:</strong></span> <span class='ocrx_word' id='word_1_265' title='bbox 444 3820 503 3865; x_wconf 91' lang='lat' dir='ltr'><strong>nec</strong></span> <span class='ocrx_word' id='word_1_266' title='bbox 525 3800 624 3864; x_wconf 89' lang='lat' dir='ltr'><strong>solum</strong></span> <span class='ocrx_word' id='word_1_267' title='bbox 646 3817 707 3863; x_wconf 83' lang='lat' dir='ltr'><strong>von</strong></span> <span class='ocrx_word' id='word_1_268' title='bbox 730 3798 895 3882; x_wconf 88' lang='lat' dir='ltr'><strong>praeconis</strong></span> <span class='ocrx_word' id='word_1_269' title='bbox 918 3799 1058 3881; x_wconf 88' lang='lat' dir='ltr'><strong>insonat,</strong></span> <span class='ocrx_word' id='word_1_270' title='bbox 1081 3800 1138 3864; x_wconf 89' lang='lat' dir='ltr'><strong>sed</strong></span> <span class='ocrx_word' id='word_1_271' title='bbox 1167 3803 1260 3868; x_wconf 86' lang='lat' dir='ltr'><strong>tuba-</strong></span> 
     </span>
     <span class='ocr_line' id='line_1_33' title="bbox 155 3911 1261 4012; baseline 0 -34"><span class='ocrx_word' id='word_1_272' title='bbox 155 3914 381 4012; x_wconf 45' lang='lat' dir='ltr'><strong>rum‘crepitus</strong></span> <span class='ocrx_word' id='word_1_273' title='bbox 407 3913 585 3992; x_wconf 79' lang='lat' dir='ltr'><strong>frequenter</strong></span> <span class='ocrx_word' id='word_1_274' title='bbox 609 3911 750 3975; x_wconf 85' lang='lat' dir='ltr'><strong>insultat:</strong></span> <span class='ocrx_word' id='word_1_275' title='bbox 779 3911 906 3975; x_wconf 87' lang='lat' dir='ltr'><strong>Raetiae</strong></span> <span class='ocrx_word' id='word_1_276' title='bbox 938 3927 1070 3994; x_wconf 84' lang='lat' dir='ltr'><strong>namque</strong></span> <span class='ocrx_word' id='word_1_277' title='bbox 1093 3911 1261 3978; x_wconf 89' lang='lat' dir='ltr'><strong>munimina</strong></span> 
     </span>
     <span class='ocr_line' id='line_1_34' title="bbox 157 4021 1260 4103; baseline -0.004 -14"><span class='ocrx_word' id='word_1_278' title='bbox 157 4031 230 4090; x_wconf 89' lang='lat' dir='ltr'><strong>sunt</strong></span> <span class='ocrx_word' id='word_1_279' title='bbox 256 4025 360 4087; x_wconf 89' lang='lat' dir='ltr'><strong>ltaliae</strong></span> <span class='ocrx_word' id='word_1_280' title='bbox 389 4029 419 4084; x_wconf 93' lang='lat' dir='ltr'><strong>et</strong></span> <span class='ocrx_word' id='word_1_281' title='bbox 443 4022 575 4084; x_wconf 88' lang='lat' dir='ltr'><strong>claustra</strong></span> <span class='ocrx_word' id='word_1_282' title='bbox 599 4021 789 4102; x_wconf 89' lang='lat' dir='ltr'><strong>provinciae.</strong></span> <span class='ocrx_word' id='word_1_283' title='bbox 823 4039 902 4103; x_wconf 84' lang='lat' dir='ltr'><strong>quae</strong></span> <span class='ocrx_word' id='word_1_284' title='bbox 935 4039 998 4085; x_wconf 93' lang='lat' dir='ltr'><strong>non</strong></span> <span class='ocrx_word' id='word_1_285' title='bbox 1030 4022 1183 4086; x_wconf 86' lang='lat' dir='ltr'><strong>immerito</strong></span> <span class='ocrx_word' id='word_1_286' title='bbox 1212 4024 1260 4086; x_wconf 92' lang='lat' dir='ltr'><strong>sic</strong></span> 
     </span>
     <span class='ocr_line' id='line_1_35' title="bbox 158 4132 1261 4217; baseline -0.004 -18"><span class='ocrx_word' id='word_1_287' title='bbox 158 4135 309 4217; x_wconf 87' lang='lat' dir='ltr'><strong>appellata</strong></span> <span class='ocrx_word' id='word_1_288' title='bbox 331 4152 400 4197; x_wconf 91' lang='lat' dir='ltr'><strong>esse</strong></span> <span class='ocrx_word' id='word_1_289' title='bbox 424 4133 605 4213; x_wconf 89' lang='lat' dir='ltr'><strong>iudicamus,</strong></span> <span class='ocrx_word' id='word_1_290' title='bbox 627 4132 749 4213; x_wconf 85' lang='lat' dir='ltr'><strong>quando</strong></span> <span class='ocrx_word' id='word_1_291' title='bbox 763 4138 871 4196; x_wconf 89' lang='lat' dir='ltr'><strong>contra</strong></span> <span class='ocrx_word' id='word_1_292' title='bbox 889 4133 972 4197; x_wconf 85' lang='lat' dir='ltr'><strong>ieras</strong></span> <span class='ocrx_word' id='word_1_293' title='bbox 987 4139 1017 4196; x_wconf 90' lang='lat' dir='ltr'><strong>et</strong></span> <span class='ocrx_word' id='word_1_294' title='bbox 1032 4132 1261 4216; x_wconf 78' lang='lat' dir='ltr'><strong>agrestissimas</strong></span> 
     </span>
     <span class='ocr_line' id='line_1_36' title="bbox 157 4239 1261 4333; baseline -0.007 -23"><span class='ocrx_word' id='word_1_295' title='bbox 157 4251 268 4329; x_wconf 79' lang='lat' dir='ltr'><strong>gentes</strong></span> <span class='ocrx_word' id='word_1_296' title='bbox 298 4244 381 4309; x_wconf 88' lang='lat' dir='ltr'><strong>vetut</strong></span> <span class='ocrx_word' id='word_1_297' title='bbox 412 4243 560 4325; x_wconf 86' lang='lat' dir='ltr'><strong>quaedam</strong></span> <span class='ocrx_word' id='word_1_298' title='bbox 590 4243 750 4333; x_wconf 84' lang='lat' dir='ltr'><strong>plagarum</strong></span> <span class='ocrx_word' id='word_1_299' title='bbox 780 4242 937 4306; x_wconf 87' lang='lat' dir='ltr'><strong>obstacula</strong></span> <span class='ocrx_word' id='word_1_300' title='bbox 969 4243 1178 4325; x_wconf 87' lang='lat' dir='ltr'><strong>disponuntur.</strong></span> <span class='ocrx_word' id='word_1_301' title='bbox 1217 4239 1261 4303; x_wconf 94' lang='lat' dir='ltr'><strong>ibi</strong></span> 
     </span>
     <span class='ocr_line' id='line_1_37' title="bbox 158 4350 1261 4438; baseline -0.007 -17"><span class='ocrx_word' id='word_1_302' title='bbox 158 4356 241 4421; x_wconf 85' lang='lat' dir='ltr'><strong>enim</strong></span> <span class='ocrx_word' id='word_1_303' title='bbox 262 4357 390 4438; x_wconf 90' lang='lat' dir='ltr'><strong>impetus</strong></span> <span class='ocrx_word' id='word_1_304' title='bbox 409 4355 542 4438; x_wconf 70' lang='lat' dir='ltr'><strong>gentilis</strong></span> <span class='ocrx_word' id='word_1_305' title='bbox 563 4355 715 4435; x_wconf 78' lang='lat' dir='ltr'><strong>excipitur</strong></span> <span class='ocrx_word' id='word_1_306' title='bbox 737 4353 767 4418; x_wconf 88' lang='lat' dir='ltr'><strong>et</strong></span> <span class='ocrx_word' id='word_1_307' title='bbox 793 4352 981 4418; x_wconf 89' lang='lat' dir='ltr'><strong>transmissis</strong></span> <span class='ocrx_word' id='word_1_308' title='bbox 1000 4353 1113 4417; x_wconf 90' lang='lat' dir='ltr'><strong>iaculis</strong></span> <span class='ocrx_word' id='word_1_309' title='bbox 1134 4350 1261 4416; x_wconf 85' lang='lat' dir='ltr'><strong>saucia-</strong></span> 
     </span>
    </p>
   </div>
   <div class='ocr_carea' id='block_1_4' title="bbox 105 4554 1308 4635">
    <p class='ocr_par' dir='ltr' id='par_1_4' title="bbox 105 4554 1308 4635">
     <span class='ocr_line' id='line_1_38' title="bbox 105 4554 1308 4613; baseline -0.003 -12"><span class='ocrx_word' id='word_1_310' title='bbox 105 4554 1308 4613; x_wconf 42' lang='lat' dir='ltr'><strong>&amp;M</strong></span> 
     </span>
     <span class='ocr_line' id='line_1_39' title="bbox 1276 4624 1283 4635; baseline 0 0"><span class='ocrx_word' id='word_1_311' title='bbox 1276 4624 1283 4635; x_wconf 89' lang='grc'><strong>.</strong></span> 
     </span>
    </p>
   </div>
   <div class='ocr_carea' id='block_1_5' title="bbox 0 0 1468 4914">
    <p class='ocr_par' dir='ltr' id='par_1_5' title="bbox 0 0 1468 4914">
     <span class='ocr_line' id='line_1_40' title="bbox 0 0 1468 4914; baseline 0 0"><span class='ocrx_word' id='word_1_312' title='bbox 0 0 1468 4914; x_wconf 95' lang='lat' dir='ltr'><strong> </strong></span> 
     </span>
    </p>
   </div>
  </div>
 </body>
</html>
