2918 4914
219 386 309 461 896*
348 410 516 460 annonas
532 408 925 459 nonococanxxxvnr·
936 409 1001 459 oux
1019 408 1267 458 sarrunnraavn.

218 609 350 674 dedit...
373 609 448 674 Tum
462 611 593 675 Romani
616 609 837 674 denuntiavere
849 607 1025 673 Britonibus
1042 626 1105 672 non
1126 626 1160 671 se
1180 604 1260 669 ultra
1282 603 1322 667 ob

218 736 325 783 eorum
351 720 564 785 defensionem
588 725 648 783 tam
677 719 842 783 laboriosis
863 718 1109 800 expeditionibus
1133 734 1227 798 posse
1250 714 1323 778 fati·

216 829 296 911 gari,
314 829 398 911 ipsos
417 831 519 912 potius
534 835 661 894 monent
680 848 764 893 arma
787 829 945 910 corripere
967 834 998 892 et
1015 826 1153 892 certandi
1176 842 1245 889 cum
1263 824 1325 887 bo-

217 937 315 1002 stibus
339 939 473 1002 studium
489 938 736 1019 subire...quin
759 938 861 1016 etiam,
884 937 965 1020 quod
990 944 1021 1000 et
1042 937 1103 1000 boc
1125 935 1221 999 sociis
1244 950 1323 1016 quos

218 1046 436 1131 derelinquere
452 1049 653 1132 cogebantur,
678 1047 793 1129 aliquid
813 1047 968 1112 commodi
990 1045 1148 1111 allaturum
1165 1044 1323 1127 putabant,

216 1176 337 1221 murum
357 1179 375 1222 a
406 1161 483 1223 mari
513 1158 659 1223 adnare
685 1165 772 1221 recto
795 1158 916 1223 tramite
938 1159 1019 1221 intor
1040 1156 1133 1220 urbes
1159 1173 1239 1237 quma
1260 1153 1323 1216 ibi-

218 1269 289 1334 dem
310 1269 351 1332 ob
371 1275 483 1333 metum
507 1270 639 1333 bostium
663 1269 762 1333 iactae
786 1269 918 1348 inerant,
938 1269 990 1331 ubi
1013 1273 1043 1331 et
1064 1267 1199 1332 Severus
1221 1281 1324 1347 quon-
1379 1314 1382 1345 ,

218 1378 287 1441 dam
310 1378 422 1442 vallum
449 1380 582 1459 iecerat,
607 1380 694 1442 firmo
723 1379 762 1442 dc
784 1378 885 1459 lapide
909 1378 1068 1454 locarunt3
1094 1393 1185 1457 quem
1208 1371 1323 1437 videli-

218 1492 268 1550 oat
290 1506 406 1551 murum
439 1488 586 1552 hactenus
613 1488 763 1552 famosum
787 1496 878 1570 atquc
900 1488 1099 1568 conspicuum
1122 1491 1243 1567 sumptu
1264 1502 1323 1565 pu-

216 1593 301 1658 blico
323 1597 530 1679 privatoque,
561 1597 704 1661 adiuncta
734 1616 840 1662 secum
862 1597 1075 1661 Britannorum
1111 1613 1222 1674 manu,
1246 1611 1322 1657 con.
1378 1612 1381 1635 ³

217 1706 398 1785 struebant,
430 1713 501 1770 octo
532 1708 629 1789 pedes
654 1708 747 1771 latum
778 1715 809 1770 et
837 1707 1003 1772 duodecim
1026 1705 1138 1785 altum,
1168 1710 1255 1768 recta
1284 1703 1322 1767 ab

217 1814 338 1880 oriente
360 1817 392 1881 in
415 1834 561 1882 oceasum
583 1818 683 1897 linea,
707 1825 739 1881 ut
760 1837 858 1900 usque
879 1818 973 1881 bodie
996 1816 1182 1880 intuentibus
1205 1813 1321 1878 clarum
1378 1878 1381 1905 Ι

217 1931 282 2003 est;
305 1944 365 2008 quo
383 1945 456 1989 mox
477 1927 604 1991 condito
628 1928 702 1991 dant
724 1928 816 1992 fortia
838 1927 928 2011 segni
951 1927 1063 2009 populo
1086 1926 1212 2005 monita,
1229 1942 1322 2005 prae-

215 2034 290 2098 bent
316 2036 573 2101 instituendorum
601 2037 788 2119 exemplaria
812 2056 977 2101 armorum.
1028 2036 1090 2101 Sed
1119 2041 1149 2099 et
1175 2036 1206 2098 in
1230 2033 1321 2097 litora

215 2146 327 2209 oceani
358 2146 397 2210 ad
428 2146 607 2226 meridiem,
631 2166 692 2230 quo
718 2166 815 2212 naves
838 2165 944 2211 corum
966 2146 1173 2224 habebantur,
1199 2144 1270 2226 quia
1291 2149 1322 2205 ct
1375 2144 1379 2205 i

93 2308 96 2313 .
213 2254 289 2317 inde
309 2255 514 2319 barbarorum
538 2257 666 2339 irruptio
690 2257 871 2337 timebatur,
895 2264 996 2320 turres
1021 2274 1077 2337 per
1098 2253 1259 2319 intervalia
1281 2253 1320 2317 ad
1375 2232 1378 2261 ³

213 2370 411 2446 prospectum
433 2367 526 2429 maris
548 2366 705 2431 collocant
720 2373 752 2430 et
765 2367 834 2431 vate
848 2368 954 2431 dicunt
973 2367 1069 2431 sociis
1085 2371 1229 2447 tanquam
1239 2364 1319 2428 ultra

217 2490 281 2535 non
305 2475 492 2538 reversuri“.
538 2476 654 2551 Quibus
677 2470 757 2541 iocis
788 2497 827 2541 ex
847 2475 1112 2541 Pseudo-Ricardi
1141 2472 1320 2538 Corinensis
1371 2514 1375 2557 ÷

215 2581 295 2644 libro
316 2582 452 2665 Angiice
475 2602 531 2665 por
554 2585 700 2648 Gilesium
724 2585 880 2667 publicato
905 2586 1004 2664 (aliud
1020 2584 1191 2666 exemplum
1201 2582 1241 2647 ud
1254 2602 1320 2646 mu-

211 2706 270 2754 nus
285 2708 348 2754 non
364 2698 427 2769 est)
445 2692 620 2756 nonnullos
642 2695 719 2759 alios
743 2695 854 2758 inira*
877 2712 1012 2777 appono,
1035 2700 1068 2757 ut
1089 2710 1150 2776 quo
1173 2693 1267 2757 modo
1288 2690 1319 2753 bi

212 2801 486 2881 exsuperioribus
507 2802 652 2885 genuinis
676 2804 834 2886 compilati
856 2805 927 2883 sint,
952 2803 1091 2867 conferri
1108 2801 1217 2884 possit.

216 2965 510 2977 -u———a--a

311 3077 340 3146 ⁰)
364 3075 384 3129 1.
403 3076 439 3143 6,
459 3080 485 3131 2.
498 3077 651 3144 „Mazicum
673 3079 897 3152 [Caesariensia]‚
920 3080 1062 3149 bepiuniap
1085 3087 1114 3131 ut
1141 3077 1183 3131 ῆι
1207 3085 1320 3130 abant
1371 3122 1374 3137 ,

210 3171 346 3242 boundmp
365 3175 399 3242 op*
414 3172 525 3238 Flavio,
543 3175 653 3227 reaches
677 3184 702 3227 to
727 3176 770 3228 tite
787 3175 850 3228 aonii
870 3175 914 3250 [of
927 3177 1068 3246 Seuerusl,
1086 3172 1173 3227 obtat
1191 3181 1321 3226 travano

210 3269 354 3323 theaeteto
380 3270 470 3324 bland
498 3273 578 3340 [from
597 3271 701 3341 Soiaoap
722 3273 795 3324 Fritd
821 3281 846 3325 to
866 3272 909 3325 tito
928 3272 1015 3324 montis
1034 3274 1067 3340 o!
1081 3271 1124 3324 tba
1146 3270 1244 3340 rpnap,
1269 3268 1321 3321 and

209 3366 283 3433 facea
302 3365 344 3418 tite
364 3368 451 3419 corti.
496 3366 617 3419 Valentio
642 3369 763 3438 acceptes
781 3368 824 3421 tite
843 3368 927 3421 sobole
945 3385 1023 3438 space
1042 3368 1154 3420 between
1181 3365 1233 3419 otta
1260 3362 1321 3418 aonii
1369 3390 1372 3401 ·

210 3461 266 3512 aad
284 3463 340 3515 tbot
358 3463 422 3516 built
442 3465 473 3533 by
493 3463 537 3515 tite
556 3480 674 3533 emperor
691 3462 841 3517 Antoninus
862 3464 940 3529 Pius,
956 3467 1028 3533 fanan
1045 3463 1088 3516 tba
1108 3471 1213 3530 πίνας
1232 3463 1265 3531 os
1280 3459 1320 3513 th

207 3558 297 3610 Bdoro
316 3568 341 3611 to
370 3560 425 3612 thot
444 3565 477 3628 os
497 3561 539 3613 tbe
559 3560 683 3629 ctydatau.
729 3560 786 3626 Ι.6,
797 3562 842 3614 35.
857 3561 927 3629 „tna
945 3561 1074 3614 northern
1092 3561 1207 3629 [abactas
1225 3560 1259 3628 os
1273 3557 1321 3610 atta

205 3655 330 3721 province
350 3654 438 3724 [Moe.
452 3657 544 3729 Gaea]
564 3674 619 3709 auos
635 3657 770 3726 protectori
789 3658 853 3726 ὀμ
869 3657 933 3710 walt
950 3661 983 3727 cp*
997 3657 1153 3728 stupendum
1172 3652 1320 3724 nepotata

206 3747 322 3818 tattctp
351 3752 393 3803 the
412 3754 529 3805 Romans
550 3769 641 3805 acram
669 3752 857 3818 etelstanus,
883 3754 921 3807 80
938 3753 1011 3806 mila
1036 3755 1066 3806 ia
1085 3750 1195 3822 lenptb,
1217 3751 1252 3805 12
1268 3752 1321 3820 [aot

205 3842 268 3914 ttqt
286 3846 342 3897 and
358 3848 399 3917 (9)
418 3849 497 3913 thick,
516 3850 701 3919 streaptbenad
717 3850 781 3902 coitis
799 3859 916 3903 towars“.
954 3849 1131 3919 t.6‚tt.aqq.
1145 3848 1217 3914 ,nto
1237 3847 1320 3901 Don-

204 3942 261 3993 nii.
274 3977 296 3993 ..
307 3960 375 3995 auare
396 3962 414 3996 u
438 3963 500 4014 carp
518 3946 648 4015 powersad
668 3946 778 4016 pcepta,
799 3947 842 3999 but
859 3945 907 3999 dost
928 3964 947 3999 o
970 3945 1152 3998 considerable
1167 3947 1277 4016 portion
1294 3944 1325 4012 os

205 4037 275 4088 tbet'r
294 4041 431 4109 territory,
456 4045 532 4095 sabea
551 4044 593 4094 tbe
617 4043 679 4095 anati
696 4061 751 4096 aona
769 4043 847 4107 tutta,
870 4044 946 4114 δοίης
965 4044 1081 4096 subducti
1099 4043 1155 4094 aad
1172 4040 1320 4114 apoiiedBp

207 4133 250 4185 iba
271 4134 457 4191 Caledoniam.
497 4141 602 4192 Resides
619 4141 714 4205 aobicb,
734 4158 752 4192 a
769 4143 872 4194 Roman
891 4143 1017 4211 peninon
1044 4140 1171 4212 occaspiad
1195 4140 1320 4194 Vendun-

205 4230 278 4282 ήκω
298 4240 322 4282 to
343 4233 438 4301 defend
455 4237 496 4288 tite
514 4237 586 4290 aonii.
631 4238 664 4290 In
682 4239 733 4290 tiis
756 4247 833 4309 part,
854 4239 976 4305 Britain,
993 4257 1025 4292 aa
1044 4240 1071 4308 ip*
1085 4239 1168 4308 apodas
1192 4233 1322 4308 &dipbted

206 4327 271 4381 out
284 4327 327 4379 tte
348 4332 481 4385 eanbances
501 4337 533 4403 op*
547 4334 589 4387 tba
607 4352 662 4401 seu,
683 4336 798 4388 tecam
817 4353 957 4389 annover
974 4336 1040 4389 titan
1054 4334 1245 4403 alammion
1257 4340 1342 4389 ow

151 4517 429 4561 *aaz-a
