2918 4914
205 371 296 443 632*
310 392 601 445 sarmationem.
619 396 891 445 manumissam.
905 372 962 445 19.
974 375 1035 444 23.
1049 365 1108 446 29.
1118 369 1179 445 29.
1190 373 1253 445 30.

204 609 267 661 item
289 609 567 676 Tuccam-Castellum,
588 612 658 680 quod
681 614 706 663 in
735 612 918 664 Proconsulari
939 628 954 662 a
973 610 1117 663 iustiniauo
1141 611 1303 677 imperatore

202 678 368 733 aedificatum
387 689 435 745 est,
455 690 483 732 ut
503 684 585 736 refert
605 685 747 750 Procopius
767 684 849 737 libb.
862 685 894 735 do
906 683 1052 735 Aedificiis.
1090 682 1214 751 Denique
1233 680 1303 735 Tne.

203 767 259 804 cain
280 754 350 805 inter
368 752 537 808 Mauritaniae
556 756 688 807 secundae
708 758 831 807 civitates
852 756 961 807 exbibet
979 754 1079 806 Notitia
1097 754 1195 806 beonia
1214 755 1303 821 impe.
1338 814 1341 819 Ι

201 825 295 876 ratoris
313 842 328 877 a
347 825 431 877 Goare
444 826 523 880 edita.
562 828 676 879 Graccus
696 835 782 879 tornea
803 835 889 879 textus
909 827 988 878 babet
1005 827 1114 897 κάςρον
1136 831 1160 879 Τ
1160 828 1237 891 odic,
1258 829 1301 877 dui

271 895 353 949 editio
370 897 556 967 Bersregiana
576 901 722 950 conformis
743 907 791 963 ost,
812 899 856 950 nbi
878 900 978 951 Graece
996 906 1023 950 ct
1035 898 1125 949 Latine
1139 897 1236 948 dicitnr
1247 896 1302 948 Gn.

200 967 250 1036 40)
271 971 458 1021 strum-Tutor.
560 973 608 1040 tu)
630 971 683 1041 [Ad
698 986 757 1038 pag.
769 971 829 1025 w.
839 974 866 1035 tl·
878 972 902 1021 5.
915 971 1049 1039 Zolenris}
1074 982 1210 1021 uinariis.
1248 969 1301 1021 tim

273 1039 352 1092 huius
371 1043 484 1092 nominis
504 1040 597 1094 civitas
609 1046 741 1094 recensita
762 1051 802 1093 est
821 1044 847 1093 in
865 1042 1068 1094 Numidianuin.
1082 1043 1123 1095 to.
1159 1039 1225 1091 Sabi
1242 1056 1302 1093 nie-

200 1118 285 1163 marat
303 1114 430 1164 Antonini
452 1113 616 1165 itinerarium
636 1117 705 1165 inter
723 1114 819 1181 oppida
839 1113 928 1166 diceri
946 1121 973 1164 et
991 1113 1075 1175 Arar,
1100 1126 1209 1180 quorum
1230 1114 1302 1178 prins

200 1198 278 1249 supin
298 1200 369 1236 nuni.
387 1185 429 1238 18.
444 1183 563 1237 babetur.
607 1186 690 1238 liuius
716 1188 787 1237 urbis
814 1187 955 1253 episcopus
985 1184 1037 1236 fuit
1057 1185 1130 1235 Felix
1151 1184 1302 1248 Diadeiisis,

200 1270 259 1305 cum
279 1257 405 1307 ianuario
433 1254 669 1326 Flumenpiscensi‚
695 1258 763 1324 apud
789 1258 911 1324 Optatum
938 1255 984 1309 lib.
997 1259 1022 1310 2.
1035 1263 1212 1308 memoratus:
1235 1253 1302 1307 licet

200 1327 270 1377 enim
290 1328 316 1378 iri
336 1328 428 1390 editis,
447 1328 527 1379 immo
547 1337 574 1380 et
592 1332 620 1381 in
640 1330 775 1381 codicibus
795 1345 855 1381 mss.
872 1329 1039 1397 Remigiano,
1060 1336 1086 1379 et
1105 1328 1189 1379 sancti
1208 1325 1300 1378 Theo-

201 1396 282 1449 derici
307 1399 456 1465 appelletur
474 1400 629 1464 Diabeiisis,
654 1401 739 1453 codex
757 1408 847 1454 noster
870 1403 958 1453 sancti
978 1401 1099 1452 Germani
1120 1416 1134 1450 a
1154 1400 1237 1449 i‘ratis
1257 1398 1300 1449 di-

201 1476 272 1520 serte
292 1470 371 1521 babet
394 1470 529 1523 zabensis.
571 1472 604 1523 Et
624 1481 696 1524 certe
726 1482 822 1524 norunt
849 1488 940 1523 ornnes
968 1471 1071 1523 litteras
1098 1471 1124 1521 di
1148 1478 1207 1521 eti
1232 1470 1301 1537 apud

201 1540 281 1591 Airos
303 1543 484 1595 indifferenter
502 1551 618 1609 sumptas
637 1543 730 1598 tuisse.
768 1547 807 1596 An
826 1544 857 1594 ad
879 1544 946 1595 hanc
965 1558 1071 1612 quoquc
1089 1540 1188 1605 sedem,
1206 1546 1252 1592 aut
1270 1541 1301 1592 od

199 1611 345 1665 Zabensem
368 1614 506 1667 Numidiae
530 1615 620 1667 urbem
650 1616 815 1667 revocandus
842 1618 920 1667 etiam
948 1616 983 1667 sit
1010 1614 1142 1665 Fidentine
1168 1614 1300 1681 episcopas

200 1684 342 1736 Dionensis
362 1685 513 1749 Donatista,
534 1689 578 1756 qni
599 1687 693 1738 Colias.
711 1686 800 1739 Curtii.
817 1686 943 1753 cap.198.
957 1685 1056 1750 adluit,
1078 1687 1206 1735 incertum
1235 1682 1300 1734 mihi

200 1762 248 1807 est.
286 1757 402 1809 Dianam
419 1759 518 1825 quippe
535 1758 563 1808 ln
583 1756 703 1809 Numidia
725 1760 858 1810 exstitisse
878 1774 911 1809 ex
930 1759 1069 1810 itinerario
1089 1756 1217 1807 Antonini
1238 1769 1299 1807 sier-

200 1834 255 1878 tum
271 1834 327 1890 est,
346 1846 422 1897 quom
441 1830 532 1881 urbem
551 1829 676 1881 Baiusius
696 1838 881 1881 commemorat
901 1832 927 1879 iii
947 1829 1021 1881 Notis
1040 1828 1071 1880 ad
1093 1827 1213 1879 eumdem
1234 1825 1299 1878 Col-

138 1964 141 1971 Ι
201 1898 308 1951 lotionis
327 1900 422 1952 locum.
464 1902 553 1952 Zabam
568 1903 709 1969 rapientem,
729 1906 772 1953 eiii
791 1910 867 1968 eaput
880 1900 997 1967 Sitiplii's,
1016 1906 1144 1951 memorat
1156 1898 1300 1965 Procopius

269 1970 315 2023 lib.
327 1975 352 2025 2.
369 1973 401 2024 de
416 1973 492 2025 Bello
514 1971 668 2037 Vandalico,
690 1989 758 2040 quae
778 1974 846 2024 forte
867 1973 899 2023 ab
919 1972 969 2022 bac
988 1971 1100 2023 Zabensi
1121 1972 1231 2022 civitate
1247 1984 1300 2021 no-

198 2044 247 2111 42)
270 2058 330 2096 men
350 2043 450 2097 habuit.
551 2048 602 2112 42)
624 2046 671 2114 [ci.
682 2045 785 2113 adpag.
799 2046 855 2096 77⁴.
870 2045 928 2109 iud.
941 2044 1119 2111 Gemellensis]
1141 2057 1300 2095 vinauina-

269 2131 317 2167 srs.
346 2114 461 2168 Sicmsi.
476 2125 504 2171 et
523 2118 595 2169 editi.
634 2118 691 2168 Huc
710 2117 828 2167 revocari
849 2122 939 2182 posset
958 2115 1082 2185 oppidum
1095 2113 1300 2175 ticmir'ielleuse,

199 2189 226 2238 ni
244 2187 277 2238 ab
296 2189 418 2240 omnibus
432 2189 569 2241 Numidiae
592 2189 759 2239 tribueretur.
799 2187 901 2254 Quippe
922 2186 1130 2239 cumlitteiaev
1149 2192 1175 2236 et
1188 2184 1208 2236 G
1220 2199 1300 2250 saepo

200 2260 307 2326 saepius
327 2275 374 2327 pro
393 2261 485 2313 eodem
509 2259 685 2329 resignanda
705 2260 880 2311 adhibeantur
898 2259 967 2325 apud
986 2266 1106 2317 veteres,
1128 2272 1176 2324 pro
1199 2256 1301 2307 Gemel-

200 2330 279 2381 lensis
304 2332 384 2382 scribi
409 2334 540 2399 potuisset
567 2330 738 2383 Vemelleiisis.
784 2331 853 2383 Sauo
873 2332 901 2381 iri
927 2330 1061 2381 Sitifensis
1080 2328 1254 2380 Mauritaniae
1275 2334 1302 2377 ct

200 2401 338 2454 Numidiae
361 2402 457 2455 finibus
482 2402 608 2455 Gemellas
634 2403 725 2453 urbem
752 2401 828 2452 silam
854 2402 937 2453 luisse
958 2401 1097 2470 colligitur
1121 2416 1154 2450 ex
1174 2400 1299 2451 Antonini

199 2474 354 2539 itinerario,
374 2475 419 2525 nbi
437 2474 524 2526 media
543 2474 612 2525 inter
631 2474 886 2539 Noram-Sparsum,
908 2489 975 2539 quae
995 2473 1026 2524 ad
1046 2471 1192 2523 Numidiam
1215 2471 1299 2538 perti-

200 2546 288 2610 nebat,
308 2553 335 2597 et
354 2546 437 2612 ipsam
457 2546 550 2597 sitium
568 2545 680 2610 locatur,
698 2544 731 2597 ab
751 2547 800 2596 ista
821 2545 852 2595 11.
867 2544 893 2595 i’.
908 2543 979 2594 XXV
995 2544 1103 2606 distans,
1123 2542 1193 2610 qnod
1213 2550 1240 2593 et
1257 2557 1301 2593 ar-

200 2617 282 2668 ticulo
303 2620 425 2685 sequenti
444 2618 590 2684 repetitur;
616 2617 661 2668 ubi
680 2619 731 2667 sita
749 2623 789 2667 cst
807 2619 875 2667 inter
892 2614 1112 2667 Novam-Petram
1132 2622 1159 2666 et
1181 2614 1300 2665 eamdem

200 2689 301 2741 Sitifim.
345 2690 384 2739 An
404 2704 467 2740 raro
493 2688 546 2740 alia
570 2691 620 2751 sit,
642 2704 709 2756 qaue
731 2691 798 2739 intci·
816 2687 967 2739 Thabusion
980 2687 1118 2738 Numidiae
1137 2685 1248 2749 urbem,
1275 2692 1301 2736 et

200 2760 310 2828 Capsam
328 2759 485 2826 Byzacenac
503 2760 593 2826 paullo
611 2760 723 2811 iniurius
743 2762 770 2810 in
791 2759 882 2811 eodem
898 2757 1036 2810 itinerario
1055 2765 1220 2820 recensetur,
1241 2755 1300 2807 aliis

199 2831 366 2884 iudicandum
386 2834 515 2901 relinquo.
560 2832 676 2883 Littneus
700 2849 718 2882 a
739 2830 858 2882 Gemellis
878 2832 929 2881 iuit
948 2846 1015 2881 unus
1038 2847 1053 2882 e
1074 2828 1300 2897 rebaptizantibus

199 2905 225 2953 in
246 2920 320 2955 conc.
331 2902 420 2955 Carth.
432 2905 482 2965 sub
502 2911 593 2955 sancto
613 2902 746 2970 cypriano
766 2904 931 2954 1101118212
949 2902 1018 2969 apud
1036 2906 1156 2952 sanctum
1170 2901 1301 2967 Augusti.

199 2990 260 3026 num
281 2974 349 3026 libro
361 2972 431 3027 7.de
450 2975 584 3042 baptismo
607 2982 698 3026 contra
719 2975 880 3026 Donatistae.

455 3122 527 3192 [Vb]
550 3153 582 3163 -
604 3153 636 3162 -
656 3138 822 3174 convinctis
841 3135 1048 3173 rnirosrrinin.

231 3244 487 3315 tbeptimopnsasis.
558 3258 563 3297 i
621 3242 784 3294 Nirlitaans.
936 3240 1183 3315 tii'ucapitnnus.

252 3341 428 3394 Sabratensis.
559 3312 564 3401 l
621 3340 725 3393 Ocrisis.

301 3484 329 3552 1)
362 3480 414 3550 [Ad
435 3480 573 3549 pressa
591 3484 618 3547 γ’.
639 3484 679 3531 ll⁴
701 3482 728 3529 iii
755 3479 854 3529 Castris
877 3476 1033 3545 baptimatis]
1066 3488 1300 3525 cassinianensis.

199 3552 401 3620 Leptis-magna
422 3552 483 3602 urbs
504 3559 544 3603 est
563 3552 631 3619 apud
652 3558 756 3602 veteres
778 3550 930 3610 notissima,
952 3563 1020 3614 quac
1039 3545 1217 3612 Tripolitanae
1237 3561 1300 3612 pro.

197 3624 303 3675 vinciae
326 3623 414 3675 civilis
434 3624 589 3690 irretropoiis
616 3630 679 3675 crat.
724 3623 819 3691 blagnu
841 3619 996 3680 dicebatur,
1019 3617 1088 3684 quod
1108 3616 1196 3685 altern-
1213 3616 1300 3685 Leptis

198 3696 303 3757 civitas,
321 3695 406 3744 minor
425 3693 528 3746 scilicet
548 3696 631 3759 dicta,
651 3697 678 3746 in
696 3694 788 3746 Africa
808 3691 966 3752 baberetur,
987 3690 1019 3740 de
1038 3705 1088 3757 qua
1108 3689 1211 3757 egimus
1233 3691 1301 3740 iuter

84 3807 89 3813 .
128 3764 131 3769 '
198 3767 351 3830 byzacenos
371 3765 492 3817 cumdii.
525 3767 733 3836 Leptis-maaria.
755 3766 840 3832 inquit
852 3762 936 3813 editor
949 3760 1107 3813 Oxoiiiciisis
1118 3775 1227 3826 operum
1238 3776 1301 3810 san.

201 3840 235 3888 cti
255 3836 380 3904 Cypriani
400 3838 427 3887 iu
444 3826 520 3888 Notis
538 3838 572 3890 ad
591 3839 733 3890 concilium
754 3836 991 3902 iiebaptizuiitium‚
1012 3839 1066 3883 erat
1086 3831 1146 3882 urbs
1161 3830 1301 3898 Tripolita-

196 3926 248 3959 ane
267 3926 299 3959 en
318 3909 398 3959 tribas
416 3909 521 3959 urbibus
543 3910 646 3977 Topliri,
666 3910 808 3969 dirotano,
828 3914 851 3959 ei
872 3905 1061 3975 Lepti-mapsam
1081 3904 1202 3971 conflato.
1233 3919 1301 3970 quac

137 3986 140 4041 1
197 3986 330 4031 nuituatua
349 3987 389 4031 est
408 3996 441 4031 ex
462 3980 521 4031 iulii
542 3982 626 4033 Soliiii
646 3980 824 4045 Polybiane,
845 3978 888 4029 nbi
909 3980 994 4044 capite
1007 3978 1050 4029 30,
1064 3975 1131 4025 haec
1152 3974 1300 4025 habentur:

137 4084 140 4105 i
201 4050 322 4120 Tripolim
341 4050 443 4103 Aclioei
465 4051 557 4119 linpiin
575 4071 622 4104 sua
649 4054 753 4121 sipiiaiit
773 4051 804 4101 de
822 4051 899 4100 trium
920 4051 1018 4099 urbium
1043 4063 1149 4097 atemere
1172 4045 1311 4113 Taphrae,

137 4108 141 4183 ¹,
199 4125 335 4186 Abroiaiii,
357 4124 582 4191 Leptis-iiicpiioe.
621 4126 655 4175 At
673 4123 743 4191 qnod
763 4122 794 4172 dc
814 4124 950 4187 provincia
972 4136 1019 4172 ssu
1039 4120 1149 4185 reginae
1169 4116 1302 4169 11111180-

138 4194 141 4237 l
199 4198 283 4257 linus,
305 4195 331 4245 id
355 4196 391 4247 ita
412 4196 570 4247 Oroniensis
597 4196 683 4247 editor
704 4198 892 4259 interpretatus
918 4201 977 4249 cst,
1004 4193 1077 4259 quasi
1098 4190 1130 4239 de
1154 4192 1209 4256 ipsa
1235 4190 1301 4241 urbe

198 4268 296 4319 dietum
321 4266 426 4319 fuisset.
465 4267 544 4317 Porro
565 4264 713 4319 iinrduiiius
731 4270 758 4317 in
777 4266 852 4317 Notis
872 4266 903 4315 ad
924 4265 1001 4315 itinn
1022 4263 1115 4313 librum
1127 4265 1152 4314 ὀ.
1170 4280 1193 4312 c.
1207 4268 1233 4314 4.
1247 4261 1300 4313 ali·

198 4348 238 4392 ter
257 4340 340 4392 reteri
353 4338 438 4392 sitini
458 4339 547 4391 rerba.
589 4337 718 4409 Tripolim,
738 4338 835 4406 inquit,
857 4336 958 4388 Actiaci·
974 4336 1064 4404 linquo
1078 4349 1127 4385 ssia
1145 4335 1250 4402 cipriani
1271 4335 1301 4385 de
