2918 4914
592 210 1323 303 „mn-0

383 403 623 457 sammoni.
657 404 698 453 au
719 404 792 457 eto.
812 382 913 455 113*ss
926 387 1028 470 hm.
1064 332 1069 341 α
1157 387 1249 461 895*

142 536 177 543 ,-
185 535 340 542 -·---.—--
566 536 871 544 ——0—-—--—--—--.
879 538 931 545 --
941 540 957 545 ..-
967 540 972 546 ,
980 539 1049 546 .—-
1066 541 1104 547 -.-
1118 542 1132 546 .-
1220 539 1251 553 -

143 607 175 663 ut
202 600 325 682 quidam
351 601 527 680 aestimant,
551 599 608 664 sed
639 600 721 665 vallo
745 602 996 685 distinguendam
1017 606 1149 686 putavit:
1180 624 1250 670 mu-

146 728 199 775 rus
222 713 333 806 etenim
362 713 401 775 de
423 711 596 792 lapidibus,
620 711 731 775 vallum
753 731 854 792 vero,
877 731 937 794 quo
971 715 1010 777 ad
1040 715 1248 796 repellendam

146 823 206 884 vim
227 821 360 885 hostium
384 829 485 887 castra
507 822 693 901 muniuntur,
715 821 748 885 lit
772 822 812 886 de
833 824 1029 905 caespitibus,
1055 825 1164 905 quibus
1184 826 1249 889 cir-

144 932 288 995 cumcisis
318 952 337 994 e
370 937 453 995 terra
476 920 559 994 'vetm
589 949 691 995 murus
715 934 881 997 exstruitur
904 933 981 998 altus
1004 950 1098 1015 supra
1123 941 1246 1014 terram,

143 1040 182 1104 ita
213 1047 245 1104 ut
269 1042 373 1105 inante
395 1043 436 1105 sit
466 1041 574 1120 fossa,
598 1041 638 1104 de
660 1057 719 1122 qua
744 1041 836 1105 levati
860 1049 930 1106 sunt
960 1043 1130 1124 caespites,
1153 1060 1248 1125 supra

145 1167 234 1231 quum
258 1151 353 1214 sudes
377 1151 417 1213 de
438 1150 530 1235 lignis
556 1151 731 1215 fortissimis
756 1150 975 1233 praefiguntur.
1020 1154 1125 1234 ltaque
1148 1155 1250 1217 Seve-

142 1278 193 1324 rus
215 1279 358 1344 magnam
389 1261 505 1325 fossam
527 1261 795 1343 firmissimumque
819 1261 951 1342 vallum,
981 1264 1100 1327 crebris
1123 1264 1250 1345 insuper

141 1371 275 1434 turribus
301 1370 536 1450 communitum,
570 1389 587 1432 a
617 1371 695 1437 mari
719 1370 758 1436 ad
786 1391 871 1436 mare
901 1373 996 1436 duxit.
1031 1374 1134 1454 ibique
1169 1372 1249 1454 apud

140 1480 315 1544 Eboracum
349 1481 492 1562 oppidum
523 1481 632 1543 morbo
656 1481 760 1545 oblite.
805 1482 940 1547 lullo.
959 1483 1015 1560 (ad
1036 1481 1150 1547 atilli.
1162 1490 1249 1563 sqq.)

142 1591 209 1671 ,ob
231 1592 339 1654 harum
359 1610 435 1674 ergo
465 1591 693 1655 infestationem
715 1595 852 1676 gentium
881 1593 1057 1670 [Scotorum
1089 1612 1107 1657 a
1139 1593 1248 1670 circio,

143 1700 293 1764 Pictorum
318 1701 356 1765 ab
380 1701 526 1783 aquilone
551 1702 795 1783 irrumpentium]
819 1702 962 1764 Britones
984 1702 1108 1786 legatos
1122 1704 1250 1768 Romam

142 1829 209 1873 cum
231 1811 370 1895 epistolis
390 1813 544 1876 mittentes
566 1811 742 1877 lacrimosis
766 1811 911 1891 precibus
928 1811 1043 1875 auxilia
1058 1812 1248 1893 flagitabant,

141 1920 427 2002 sublectionemque
452 1922 640 2000 continuam,
665 1920 841 1985 dummodo
866 1921 967 1985 hostis
991 1923 1155 1985 imminens
1178 1922 1251 1983 lon-

140 2032 209 2114 gius
235 2039 413 2111 arceretur,
439 2032 668 2113 promittebant.
713 2033 830 2108 Quibus
859 2050 933 2097 mox
962 2032 1047 2114 legio
1080 2032 1251 2095 destinatur

141 2146 274 2219 armata,
299 2160 393 2223 quae,
416 2143 469 2205 ubi
491 2145 523 2205 in
545 2141 679 2205 insulam
704 2141 835 2219 advecta
858 2147 890 2203 et
911 2157 1083 2223 congressa
1107 2146 1154 2203 est
1181 2157 1249 2202 cum

144 2250 302 2330 hostibus,
324 2269 468 2334 magnam
491 2270 598 2315 eornm
628 2250 852 2315 multitudinem
881 2256 1024 2315 stamens
1048 2257 1171 2315 ceteros
1194 2266 1251 2312 so-

142 2360 259 2423 ciorum
281 2361 393 2425 linibus
416 2361 532 2443 expulit
553 2379 671 2442 eosque
688 2361 811 2425 interim
834 2381 852 2424 a
875 2361 1031 2425 dirissima
1046 2360 1250 2441 depressione

139 2469 287 2533 liberatos
308 2471 431 2535 hortata
456 2479 503 2535 est
530 2472 684 2535 instruere
703 2471 785 2535 iuter
807 2471 869 2535 duo
891 2472 989 2535 maria
1011 2477 1097 2534 trans
1119 2468 1251 2533 insulam

140 2597 258 2642 murum
288 2582 340 2662 qui
367 2582 513 2645 arcendis
533 2581 678 2645 hostibus
704 2587 811 2662 posset
833 2599 904 2644 esso
934 2580 1114 2662 praesidio;
1143 2580 1250 2660 sieque

141 2690 266 2752 domum
290 2708 360 2752 cum
388 2689 541 2771 triumpho
564 2708 679 2773 magno
701 2707 831 2754 reversa
853 2696 910 2753 eat.
962 2691 1003 2753 ut
1027 2688 1161 2752 insulam
1181 2705 1252 2751 mu-

139 2818 207 2862 rum
229 2818 320 2881 quem
343 2801 419 2864 iussi
444 2802 583 2879 lucrant,
606 2819 669 2865 non
690 2807 752 2867 tam
773 2800 926 2880 lapidibus
949 2816 1041 2880 quam
1064 2798 1251 2879 caespitibus

142 2915 377 2990 construentes,
401 2917 433 2973 ut
456 2917 528 2993 pote
550 2911 664 2974 nullum
691 2911 765 2974 tanti
789 2912 894 2991 operis
917 2910 1066 2973 artificem
1091 2908 1251 2985 habentes,

141 3018 179 3082 ad
201 3019 277 3083 nihil
300 3018 405 3083 utilem
429 3027 573 3084 statuunt.
604 3022 746 3084 lecerunt
769 3026 870 3083 autem
894 3038 963 3082 eum
984 3020 1065 3082 inter
1087 3019 1148 3081 duo
1172 3018 1253 3079 lreta

139 3127 189 3191 vel
211 3129 317 3209 sinus,
342 3130 382 3191 de
406 3129 516 3210 quibus
540 3130 689 3209 diximus,
716 3131 811 3193 maris
831 3130 864 3207 [i.
878 3150 906 3192 e.
923 3129 972 3190 tlte
990 3127 1084 3209 [riths
1105 3127 1144 3207 os
1161 3123 1254 3188 Forth

139 3238 204 3303 oud
225 3239 263 3318 of
280 3238 384 3319 Clyde]
413 3256 468 3319 per
496 3237 580 3302 milia
609 3257 756 3319 passuum
777 3238 924 3320 plurima,
955 3243 1006 3317 ut,
1029 3236 1082 3298 ubi
1104 3251 1253 3316 aquarum

139 3348 268 3412 munitio
288 3349 414 3426 deerat,
435 3349 478 3411 ibi
505 3348 663 3429 praesidio
686 3348 759 3411 valli
780 3349 858 3411 sines
884 3365 958 3411 suos
983 3346 1022 3408 ab
1051 3346 1185 3409 hostium
1205 3344 1254 3406 ir-

139 3460 284 3541 ruptione
308 3457 522 3522 defenderent.
558 3458 645 3520 cuius
662 3458 767 3539 operis
790 3457 904 3521 ibidem
929 3458 1014 3535 sacti,
1040 3457 1098 3518 ie.
1109 3454 1181 3518 valli
1203 3453 1253 3516 la-

138 3570 250 3632 tissimi
274 3575 304 3632 et
325 3569 485 3648 altissimi,
515 3584 614 3649 usque
643 3568 738 3631 hodie
768 3567 941 3631 certissima
966 3567 1100 3650 vestigia
1123 3582 1254 3628 cernere

139 3678 223 3742 licet.
256 3679 366 3760 incipit
390 3685 490 3742 autem
515 3678 647 3743 duorum
671 3679 770 3741 ferme
793 3678 918 3740 millium
933 3677 1032 3758 spatio
1056 3698 1073 3740 a
1094 3680 1255 3739 monaste-

142 3790 191 3853 rio
214 3789 409 3870 Abereorm'p
430 3788 610 3867 [Abercoro
632 3807 672 3850 ora
694 3788 742 3850 the
763 3786 903 3868 Correo]
927 3786 966 3850 ad
990 3785 1197 3862 occidentem,
1223 3783 1255 3846 in

142 3899 215 3962 loco
240 3901 292 3982 qui
316 3917 462 3964 sermone
487 3899 642 3964 Pictorum
663 3898 851 3980 Peoafohet,
879 3897 986 3983 lingua
1010 3901 1111 3961 autem
1132 3892 1258 3978 Anglo-

140 4028 207 4072 rom
230 4010 398 4072 Penneltuc
421 4010 603 4092 appellatur,
628 4016 658 4072 et
681 4010 814 4072 tendens
838 4014 947 4072 contra
970 4007 1167 4071 occidentem
1190 4010 1257 4065 ter·

140 4120 273 4183 minatur
304 4121 386 4183 iuxta
419 4120 529 4182 urbem
550 4118 687 4181 Atctau‘tb
720 4118 918 4196 [Dcrrbortou
942 4117 1151 4197 Scotiae]....
1175 4115 1257 4177 liur-

139 4248 207 4295 sum
231 4231 389 4293 mittuntur
412 4231 540 4294 Romam
562 4230 667 4314 legati,
694 4248 881 4293 ...rursum
905 4227 1034 4292 mittitur
1056 4227 1151 4309 legio,
1176 4240 1257 4303 quae

138 4340 298 4422 inopinata
320 4348 460 4423 tempore
483 4343 619 4406 autumni
636 4343 810 4407 adveniens
825 4358 955 4424 magnas
978 4339 1115 4401 hostium
1133 4339 1257 4416 strages

95 4530 1340 4587 mmffssssaemn
