2918 4914
141 249 1359 303 ΝΜ»

145 298 166 366 l

218 392 310 468 592*
329 415 449 466 annor.
463 414 504 463 un
514 400 672 486 nonnoq.
682 413 751 464 our.
761 389 999 466 xxrrrl.oosrss
1012 412 1318 464 sassrroasrsnsrs.

130 584 134 591 ⁹
219 613 259 678 de
281 621 411 697 utroque
438 614 503 698 agit
522 613 673 696 Sulpicius
692 613 871 720 Alexander
892 613 944 677 lib.
957 600 994 678 ll.
1008 614 1101 678 etlll.
1122 612 1320 678 historiarum

217 725 296 807 apud
322 724 506 808 Gregorium
528 725 737 791 lirroncnscm
759 725 836 790 Hist.
854 726 963 790 Fraus.
985 724 1038 788 lib.
1051 724 1088 788 ll.
1104 742 1170 807 cap.
1185 724 1215 788 9.
1228 725 1251 767 θ
1265 770 1273 787 .
1288 768 1318 786 ..

284 1063 312 1135 *)
330 1062 403 1128 Quos
421 1064 495 1118 locos
514 1063 608 1118 Severi
626 1060 771 1117 Alexandri
790 1063 823 1115 ad
841 1077 925 1117 annos
935 1062 997 1118 388.
1005 1062 1068 1118 389.
1088 1068 1240 1132 spectantes
1258 1078 1319 1117 cum

214 1163 243 1211 at
266 1158 300 1211 ad
323 1161 539 1213 constitutionem
560 1161 743 1228 transcriptam
771 1165 798 1213 et
820 1160 853 1213 ad
880 1159 1017 1221 historiam
1042 1167 1096 1213 tum
1121 1158 1319 1214 Germaniarum

213 1253 361 1322 Comitum,
380 1265 434 1310 turn
453 1260 555 1326 patriae
572 1264 679 1311 nostrae
706 1258 817 1328 egregie
839 1256 960 1330 iaciant,
980 1256 1026 1311 bic
1050 1257 1213 1326 subiungere
1230 1258 1317 1309 visum

213 1360 262 1406 est.
301 1355 356 1421 ,lle
373 1350 533 1408 Francorum
551 1371 616 1409 vero
635 1354 744 1427 regibus
765 1356 824 1424 quis
844 1355 927 1408 luerit
943 1357 1043 1423 primus
1062 1371 1077 1407 a
1095 1354 1185 1407 multis
1205 1356 1317 1425 ignora-

211 1455 263 1503 tur.
300 1451 365 1503 llam
386 1467 445 1504 cum
468 1451 551 1504 mults
576 1452 609 1505 de
636 1453 675 1504 eis
693 1450 806 1520 Sulpicii
830 1450 975 1504 Alexandri
999 1458 1088 1504 narret
1106 1451 1241 1517 Historia,
1263 1465 1317 1503 non

210 1547 412 1617 tamenliegem
433 1549 545 1616 primurn
566 1563 657 1601 corum
676 1547 811 1601 ullatenus
830 1548 958 1614 nominat,
972 1546 1118 1603 sediluces
1133 1563 1179 1601 eos
1191 1546 1317 1600 habuisse

212 1642 294 1697 dicit:
314 1661 382 1715 quae
402 1653 491 1699 tamen
510 1646 544 1699 de
563 1646 784 1712 eisdemreicrat,
802 1660 950 1699 memorare
963 1627 1077 1699 ridetur.
1114 1645 1253 1698 Nemeum
1273 1644 1317 1696 di-

203 1725 257 1807 dit,
276 1741 418 1795 Maximum
436 1744 507 1795 intra
518 1742 680 1812 Aquileiam,
700 1744 796 1796 amissa
809 1744 881 1796 omni
893 1759 942 1812 spe
955 1743 1069 1810 imperii,
1090 1744 1165 1811 quasi
1185 1748 1316 1795 amentem

210 1838 345 1905 residere,
366 1838 505 1908 adiungit:
532 1837 603 1907 „no
626 1846 745 1908 tempora
764 1838 943 1906 Cenobandc,
961 1840 1124 1893 llarcomere
1141 1845 1169 1891 et
1189 1838 1315 1890 Sunnone

211 1934 333 2003 ducibus,
355 1935 451 1991 Franci
468 1938 497 1989 io
515 1936 683 1991 Germaniam
701 1951 856 2007 prorupere,
875 1953 907 1991 ac
926 1936 1046 2005 pluribus
1064 1935 1215 1990 mortalium
1232 1934 1318 1988 limite
1350 1949 1353 1955 ·

211 2031 319 2101 inrupto
340 2035 441 2100 caesis,
467 2034 572 2089 renites
597 2036 711 2089 maxima
730 2051 815 2106 pagos
835 2035 1008 2105 depopulsri,
1026 2035 1218 2105 Agrippinensi
1237 2034 1316 2084 etism

211 2125 342 2182 Coloniae
360 2136 460 2183 metum
471 2131 626 2191 incussere,
656 2130 733 2196 Quod
751 2131 931 2186 ubilreveris
952 2130 1082 2200 perlatum
1103 2137 1152 2195 est,
1171 2127 1315 2182 llannenus

212 2233 240 2279 at
260 2226 403 2292 Quintinus
424 2228 693 2300 militiae'blagistri,
720 2223 817 2298 quibua
842 2229 980 2282 infantiam
1004 2227 1053 2281 dlii
1079 2233 1107 2280 et
1132 2225 1315 2280 defensionem

210 2322 352 2377 Galliarum
363 2326 491 2380 blerimns
509 2316 686 2392 commiserat,
707 2325 823 2379 collecto
834 2327 955 2380 exercitu
974 2326 1044 2394 apud
1060 2325 1234 2395 Agrippinam
1248 2337 1315 2376 con-

129 2493 131 2497 1
209 2402 318 2475 venere.
366 2422 418 2476 Sed
442 2425 532 2476 onusti
560 2421 658 2491 praeda
676 2421 784 2489 bostsa,
810 2398 1012 2490 prouinciarum
1034 2423 1122 2488 opima
1150 2418 1313 2488 depopulati,

209 2516 331 2571 libanum
350 2521 492 2585 transiere,
509 2518 629 2587 pluribus
648 2532 756 2570 suorum
775 2519 802 2569 in
825 2518 944 2570 Romano
965 2515 1068 2569 relictis
1085 2516 1161 2580 solo,
1182 2514 1215 2567 ad
1232 2529 1313 2581 repe-

208 2615 314 2668 tendam
339 2615 575 2685 depopulationem
599 2615 713 2684 paratis,
738 2629 798 2668 cum
816 2613 912 2684 qulbus
939 2627 1101 2683 congressus
1118 2611 1243 2666 Romanis
1267 2626 1316 2662 ac-

210 2712 363 2766 commodus
384 2712 453 2777 iuit,
471 2711 562 2766 multis
580 2711 742 2765 Francorum
767 2709 837 2781 apud
855 2707 1043 2765 Carbonariarn
1062 2710 1134 2764 terro
1159 2708 1314 2778 peremptis.

208 2809 333 2881 Cumque
353 2809 551 2864 consultaretur
570 2809 604 2864 dc
621 2796 764 2876 successu,
789 2824 823 2862 an
842 2809 870 2861 in
889 2807 1027 2863 Francius
1044 2809 1157 2862 transire
1178 2804 1317 2869 deberent,

206 2905 351 2963 llannenus
371 2907 473 2975 abnuit,
493 2908 557 2977 quia
574 2922 629 2961 non
643 2910 787 2976 imparatos
807 2912 835 2959 at
852 2907 881 2959 in
901 2905 969 2960 loeis
987 2907 1044 2961 suis
1061 2904 1172 2959 indubie
1191 2903 1316 2957 tortiores

206 3002 311 3056 interos
330 3005 442 3059 sciebat.
483 3005 561 3070 Quod
581 3021 640 3059 cum
659 3005 787 3070 Quintino
807 3009 835 3057 et
860 3002 972 3074 reliquls
994 3004 1062 3057 sirls
1080 3001 1239 3055 militaribus
1258 2999 1316 3054 dis-

204 3098 353 3168 plicuisset,
373 3101 504 3155 Nanneno
515 3102 715 3173 Mogontiacum
725 3115 845 3166 reverso,
870 3099 1014 3165 Quintinus
1027 3115 1086 3154 cum
1106 3099 1226 3153 exercitu
1245 3098 1316 3149 circa

203 3195 336 3250 lliviaium
347 3199 487 3252 castellum
497 3201 605 3271 [Neues]
617 3198 740 3252 libanum
750 3205 941 3268 transgressus,
958 3198 1083 3250 secundis
1093 3212 1108 3249 a
1119 3195 1201 3248 durio
1214 3194 1315 3257 castris,

204 3309 280 3345 cases
293 3292 487 3348 habitatoribus
498 3311 597 3348 vacuas
607 3301 692 3364 atqua
703 3297 829 3365 ingentes
841 3294 918 3347 vicos
924 3292 1066 3346 destitutos
1083 3291 1202 3344 odendit.
1222 3291 1315 3343 Franci

207 3390 278 3441 enim
296 3390 421 3444 simulato
441 3399 515 3444 metu
533 3406 563 3444 se
583 3392 610 3441 in
627 3392 786 3444 remotiores
807 3389 891 3444 saltus
910 3395 1077 3455 receperant,
1095 3385 1250 3439 concidibus
1269 3400 1322 3453 per.

204 3492 322 3538 extrema
340 3486 469 3540 silvarum
487 3488 647 3554 procuratis.
682 3487 776 3556 ltaque
794 3486 928 3559 universis
940 3483 1062 3536 domibds
1081 3483 1191 3548 exustis,
1212 3483 1240 3534 in
1251 3495 1315 3550 quas

203 3583 310 3636 saevire
327 3582 461 3636 stoliditas
482 3585 583 3653 ignara
601 3585 733 3636 victoriae
752 3583 1007 3637 consummationem
1029 3581 1187 3648 reponebat,
1210 3584 1315 3632 noctem

205 3677 350 3732 sollicitam
376 3679 478 3734 milites
502 3679 553 3734 sub
580 3695 712 3733 armornm
731 3696 815 3735 onera
834 3679 972 3733 duxerant.
1009 3677 1050 3730 Ac
1077 3680 1162 3747 primo
1185 3676 1314 3739 diluculo,

204 3774 331 3840 Quintius
343 3777 450 3846 proclii
472 3776 541 3830 duce
559 3779 676 3849 ingressi
695 3778 789 3845 saltus,
808 3779 836 3830 in
850 3775 966 3830 medium
984 3774 1042 3828 iera
1061 3774 1131 3828 diem
1145 3773 1315 3842 implicantes

202 3887 233 3925 se
252 3873 385 3927 erroribus
404 3876 520 3941 viuum,
538 3881 597 3929 toto
617 3877 757 3947 pervagati
774 3881 857 3928 suntr
876 3874 983 3926 tandem
1004 3888 1062 3924 curn
1081 3871 1236 3942 ingentibus
1253 3886 1315 3929 sae-„

202 3969 255 4037 ptis
274 3972 364 4023 omnia
382 3986 397 4023 a
417 3970 507 4024 solido
529 3971 620 4025 clausa
638 3971 825 4036 offendissent,
843 3971 871 4022 iu
889 3969 1020 4038 palustres
1039 3981 1161 4036 campos,
1179 3968 1225 4036 qui
1239 3966 1315 4020 silris

200 4065 390 4146 iungebantur,
408 4081 576 4137 prorupere:
595 4068 768 4123 molientibus
787 4066 903 4120 bostium
923 4065 974 4117 rari
994 4056 1157 4132 apparuere:
1178 4065 1223 4134 qui
1247 4077 1315 4117 con·

202 4161 300 4215 iunctis
324 4163 449 4217 arborum
479 4168 580 4219 truncis
605 4165 650 4220 rel
672 4163 829 4220 concidibus
853 4168 1053 4231 superstantes,
1072 4160 1181 4214 salute
1200 4160 1316 4231 fastigiis

201 4261 313 4312 turrium
338 4263 455 4332 sagittas
480 4269 672 4317 tormentorum
697 4264 750 4315 ritu
774 4259 894 4314 effudere
916 4258 1007 4313 inlitas
1026 4257 1166 4311 herbarum
1192 4258 1316 4323 venenis,

199 4364 230 4412 ut
256 4372 373 4412 sammaa
401 4361 458 4434 cati
489 4376 580 4434 neque
609 4359 736 4416 letalibus
762 4357 865 4412 indicta
890 4355 960 4411 locis
988 4352 1100 4411 aulum
1122 4352 1193 4408 haud
1218 4353 1316 4408 dubins

145 4542 391 4593 <m
421 4579 526 4585 ww
637 4580 664 4585 ,„
710 4576 797 4581 ,,.,
837 4573 880 4579 --
940 4571 1134 4577 ...m-.-.-
1168 4570 1242 4575 w-.
1280 4570 1299 4574 ,
1333 4566 1334 4569 ,
