2918 4914
167 437 316 487 artuaart
343 437 460 485 aanor.
479 439 520 485 nn
543 438 651 486 nourr.
673 436 793 486 uocum.
808 436 947 486 amicta.
1015 415 1105 487 tiss*

111 649 192 716 gisus
212 655 370 701 memoratur
388 650 485 703 ibidem
504 667 575 703 num.
591 652 617 704 o.
636 653 738 719 liticine,
757 652 849 704 Latine
868 652 966 717 linies,
987 660 1015 704 et
1036 668 1105 705 num.

111 721 129 769 ti
150 718 269 772 Maleam.
302 730 329 773 at
354 725 382 772 in
402 722 493 774 Goaris
516 724 634 775 editione
659 725 752 776 ambae
776 724 843 777 istae
868 724 947 775 urbes
972 726 998 775 in
1027 740 1105 776 unam

111 799 161 853 tur,
180 806 248 858 quae
267 793 367 845 Graece
385 795 478 853 Baitios
499 799 633 861 Μηλέως,
651 796 745 847 Latina
762 810 827 848 vero
847 797 1036 865 Vagsrmclita,
1056 811 1105 862 ap.
1126 838 1130 845 .

111 880 128 913 r.
166 862 196 914 ln
217 879 291 917 conc.
304 864 392 916 Carth.
410 867 458 917 sub
477 875 569 917 sancto
591 867 738 934 cypriano,
756 883 804 935 pro
824 868 967 920 haereticis
986 868 1104 934 rebapti-

125 938 283 987 sententiam
302 937 419 989 tulerunt
437 954 545 989 numero
561 940 855 1005 ravennaticae,
875 947 901 991 et
914 955 985 992 num
997 941 1041 993 30.
1056 940 1104 990 ts·-

131 1007 217 1076 l'epo3
236 1015 264 1058 et
282 1010 321 1061 sic
340 1023 446 1077 quoque
464 1011 659 1076 appellantura
676 1018 768 1062 sancto
782 1013 941 1081 Augustino,
955 1013 1000 1080 qui
1013 1025 1103 1062 eorum

111 1093 170 1129 sues
190 1078 279 1144 solvit,
299 1083 394 1147 prioris
413 1082 519 1148 quidem
540 1081 608 1133 libro
626 1083 652 1135 ὃ.
672 1084 705 1134 tle
724 1082 860 1150 Baptismo
880 1091 970 1135 contra
991 1083 1104 1134 Donati·

111 1166 126 1199 r.
137 1152 192 1213 22,
208 1152 316 1204 alterius
326 1167 390 1203 vero
403 1152 496 1204 eodem
509 1153 578 1204 libro
593 1170 649 1220 cap.
662 1156 706 1207 37.
718 1162 744 1206 ct
754 1155 822 1206 libro
834 1156 859 1208 3.
871 1170 928 1221 cop.
938 1154 964 1207 6.
984 1152 1104 1206 Concilio

111 1223 156 1273 sub
170 1221 249 1274 Grato
262 1225 385 1276 interfuit
395 1226 521 1276 Crescens
538 1225 670 1293 Vspensis,
688 1243 745 1291 seu,
765 1234 794 1277 ut
813 1225 893 1278 habet
903 1221 1038 1293 exemplar
1049 1225 1104 1277 Va-

111 1311 129 1356 r,
149 1295 273 1362 Bopsnsis
290 1297 443 1366 Episcopus.
478 1297 506 1347 ln
527 1296 678 1349 collatione
697 1306 784 1350 autem
804 1297 894 1350 Carth.
914 1312 971 1364 cap.
987 1298 1046 1352 ttttt.
1060 1300 1104 1348 in-

111 1369 212 1417 tatistas
231 1370 377 1436 comparuit
394 1369 551 1421 Pancratins
570 1372 701 1439 episcopus
716 1371 861 1434 Rodiensis,
881 1386 957 1439 quem
977 1369 1104 1421 baluzius

117 1439 295 1491 adversarium
315 1441 398 1492 luisse
418 1441 529 1491 l’otentis¹
547 1444 659 1510 episcopi
677 1443 832 1505 lllosliensis,
853 1444 940 1509 capite
955 1443 1013 1494 tat.
1035 1443 1105 1493 inter

114 1525 159 1561 cos
178 1515 320 1576 recensiti3
340 1520 467 1580 putatque
488 1515 531 1564 vit·
556 1514 693 1578 eruditus,
716 1513 758 1564 his
777 1513 889 1565 vocibus
907 1513 1043 1564 Rodiensis
1059 1519 1106 1564 aut

111 1585 153 1634 isis
173 1583 321 1635 llatlcnsem
340 1585 430 1636 nibem
451 1583 495 1635 hic
513 1587 539 1635 in
560 1585 658 1637 liotitia
678 1592 848 1636 memoratam
868 1584 1012 1653 designari.
1053 1583 1105 1638 Sed

111 1670 141 1704 rm
157 1652 246 1707 Carth.
262 1655 330 1706 Coll.
345 1672 402 1723 cap.
415 1658 477 1708 215.
490 1655 542 1707 duo
561 1659 681 1725 episcopi
696 1658 834 1726 Vagenses
858 1655 984 1709 catholici
1002 1670 1104 1708 merno-

111 1726 243 1794 Ampelias
264 1737 288 1778 ct
308 1727 453 1793 Primulos,
480 1743 590 1795 quorum
616 1745 675 1781 curn
700 1745 780 1781 unum
804 1728 971 1791 Vadensem,
993 1727 1104 1781 alterum

111 1813 150 1848 em
171 1798 299 1864 appellari
318 1799 415 1851 debere
439 1805 588 1852 certanisset
601 1802 753 1863 (insuetius,
774 1799 906 1853 allorisio
925 1799 1103 1867 reprehensus

111 1869 143 1920 ud
161 1870 262 1921 cartula
281 1872 315 1921 sit
333 1871 396 1923 duas
416 1871 499 1923 luisse
519 1873 597 1924 huius
618 1875 732 1925 numinis
751 1873 831 1924 urbes
852 1875 879 1923 iu
893 1871 985 1925 Africa
1002 1887 1035 1923 ex
1048 1871 1104 1924 l’li-

123 1943 148 1993 5.
160 1957 217 2009 cap.
231 1946 258 1994 4.
288 1940 427 1994 Consentis
444 1943 627 2010 Ptolemaeus,
647 1947 691 2013 qui
712 1947 821 2011 primam
839 1944 907 1996 libro
920 1945 946 1996 4.
962 1959 1019 2010 cap.
1036 1944 1061 1996 2.
1076 1943 1104 1994 in

113 2014 157 2064 nia
175 2013 356 2077 Caesariensi,
381 2015 490 2065 alteram
513 2018 630 2085 veroin
650 2016 772 2067 Numidia
797 2016 884 2080 locat,
910 2031 988 2083 quam
1007 2030 1103 2082 nempe

111 2087 187 2136 ·tesiis
211 2086 295 2137 luisse
320 2087 412 2137 scribit
438 2089 525 2153 capite
548 2088 679 2155 sequenti.
727 2085 824 2138 Peioris
851 2089 917 2138 situs
940 2102 973 2137 ex
996 2084 1103 2139 Tabulis

111 2158 212 2208 erinnis
231 2159 349 2210 discitur.
393 2159 494 2209 Botion
514 2161 541 2209 in
567 2159 721 2219 Mauritania
740 2158 868 2210 Gaditana
888 2158 968 2209 habet
988 2158 1101 2225 Anony.

111 2243 217 2280 neutras
236 2228 338 2282 libross.
352 2245 421 2280 num.
438 2233 479 2282 tt.
493 2231 545 2282 Sed
565 2232 642 2282 etism
662 2233 684 2282 si
703 2228 772 2281 duos
791 2244 844 2280 non
865 2236 956 2281 essent
969 2229 996 2278 in
1010 2230 1100 2281 Airics

111 2301 184 2369 lisga
204 2300 306 2365 dietae,
326 2301 393 2352 nihil
414 2308 501 2352 tamen
521 2302 566 2353 hic
584 2305 611 2354 in
632 2302 782 2354 Collatione
801 2308 872 2353 esset
894 2299 1100 2363 emendantium

111 2373 158 2422 rica
178 2372 342 2423 solummodo
368 2372 430 2422 urbe
451 2374 525 2443 Vaga
544 2374 594 2425 boc
621 2373 680 2424 loco
701 2374 871 2443 designetur,
890 2387 958 2439 quae
977 2372 1043 2423 duos
1060 2373 1101 2423 si-

111 2442 189 2493 bcbat
208 2443 360 2495 catholicos
382 2447 531 2511 episcopos,
550 2446 700 2511 Ampelium
719 2444 833 2509 scilicet,
848 2447 900 2512 uui
920 2460 936 2494 a
955 2441 1100 2495 Catholicis

111 2514 208 2566 electus
227 2522 254 2566 et
274 2516 417 2580 ordinatus,
437 2523 464 2568 et
483 2516 635 2579 l'rimulum,
656 2519 707 2579 cui,
729 2532 788 2568 cum
806 2523 885 2568 autea
903 2516 999 2567 luisset
1018 2517 1044 2566 in
1069 2529 1101 2566 ea

111 2588 274 2648 nuntiatarum
293 2588 446 2654 episcopus,
467 2587 498 2638 ad
518 2590 646 2638 unitatem
664 2588 821 2639 catholicam
843 2600 973 2639 converso
993 2589 1102 2653 episco-

111 2672 176 2717 onor
195 2667 221 2710 et
239 2659 314 2711 locus
332 2667 484 2711 reservatus
503 2659 598 2723 luerat,
618 2668 646 2709 ut
665 2662 723 2726 ipso
736 2660 874 2726 Ampelius
893 2656 1049 2710 testificatus
1062 2665 1103 2709 est

111 2730 512 2798 mGollationecap.176.,ubi
532 2732 644 2782 altirmat
664 2748 696 2783 ex
716 2747 748 2782 eo
767 2737 887 2799 tempore
906 2730 1034 2782 unitatem
1054 2744 1102 2781 ca-

111 2819 123 2853 n
147 2818 252 2870 semper
272 2806 298 2854 in
321 2805 436 2873 Vagensi
457 2802 572 2854 ccclesia
593 2805 722 2871 integram
742 2804 952 2871 inviolatamque
971 2816 1101 2869 perseve-

117 2874 205 2937 Quare
231 2875 340 2926 alterius
360 2876 431 2924 urbis
449 2874 534 2925 inisse
554 2874 681 2927 dicendus
702 2882 741 2926 est
762 2874 882 2927 Privatus
898 2874 1023 2941 Vspensis
1042 2873 1100 2943 epi-

111 2951 132 2998 in
156 2946 248 2998 cadem
270 2946 420 2999 Gottattonc
438 2962 496 3012 cap.
516 2947 575 2998 lli·
597 2950 665 2999 inter
685 2945 836 2998 Donatistae
855 2953 1025 2999 memoratus.
1068 2943 1102 2995 tn

124 3021 175 3070 iste
197 3034 254 3084 cap.
268 3019 439 3085 praecedenti
459 3019 593 3086 episcopus
612 3020 771 3086 Ansapensis
790 3018 875 3070 dictus
897 3018 991 3070 iuerat.
1018 3015 1101 3067 lllnc-

111 3096 148 3142 ert
169 3091 288 3141 llorisius
311 3091 410 3159 Vagam
436 3088 519 3140 luisse
538 3089 628 3140 urbem
648 3105 728 3140 unam
748 3090 775 3139 in
798 3090 904 3154 Africa,
926 3104 994 3158 quae
1012 3088 1100 3138 Ausa.

111 3177 215 3228 ‚rnomen
234 3162 365 3213 habuerit.
400 3156 481 3212 lmrno
502 3176 561 3212 cum
580 3168 607 3213 et
625 3160 834 3229 cap.179.duas
855 3161 938 3213 luisse
956 3160 1099 3228 Auaaggas

126 3248 203 3284 unam
224 3235 266 3282 cui
288 3234 443 3289 lanuarias,
463 3231 573 3283 alteram
595 3235 637 3284 cui
657 3233 776 3284 Privatus
797 3249 830 3284 ex
850 3232 995 3284 Donatistis
1021 3246 1099 3297 prae-

112 3344 119 3370 ,
140 3312 253 3373 quatuor
272 3306 298 3354 in
317 3306 409 3356 Africa
431 3305 517 3373 Vagas
536 3305 619 3355 luisse
643 3304 749 3374 colligit
773 3305 815 3355 vir
834 3304 962 3355 eruditus.
1005 3306 1099 3353 Verum

111 3392 147 3427 am
172 3377 278 3427 nonnisi
301 3393 333 3427 cx
360 3390 449 3429 errore
475 3377 701 3442 pronunciationis
728 3390 775 3442 pro
799 3374 874 3444 Vaga
894 3374 938 3425 hic
963 3381 1100 3439 acceptam

111 3455 180 3500 toute
200 3448 352 3500 observavit
380 3446 497 3498 eruditus
522 3446 649 3498 Bnluzius
674 3450 701 3497 in
729 3447 800 3496 notis
827 3447 860 3497 ad
889 3444 1008 3497 eiusdem
1030 3442 1097 3495 Coll.

111 3520 126 3573 i.
164 3519 268 3585 Quippe
289 3536 347 3571 curn
368 3519 490 3570 Notarius
512 3520 651 3570 recitasset
671 3518 791 3568 Privatos
809 3519 942 3586 episcopas
960 3518 1099 3584 Aesopeo-

111 3631 115 3654 ‚
138 3598 165 3640 ut
183 3599 287 3642 veteres
301 3591 472 3656 manuscripti
494 3590 601 3653 habeut,
623 3598 649 3641 et
662 3591 700 3640 uti
715 3589 834 3653 uidetur,
853 3589 922 3641 sieut
941 3590 1097 3655 pronuntia-

111 3664 134 3725 i,
153 3664 342 3730 Acmonensis,
362 3662 501 3729 Ampelius
519 3664 563 3729 qni
581 3663 712 3730 vagensis
732 3662 874 3727 episeopus
893 3669 958 3725 erat,
978 3674 1031 3711 non
1048 3675 1097 3711 cu-

111 3736 148 3785 ori
169 3735 282 3801 syllaba,
301 3737 403 3802 putavit
416 3735 564 3803 Vagensem
586 3733 677 3785 urbem
695 3748 769 3784 suam
790 3734 936 3797 recenseri,
956 3733 1097 3800 statimque

110 3814 170 3857 utus
197 3814 237 3858 est
263 3808 290 3856 in
308 3823 355 3857 sua
378 3809 488 3859 civitate
515 3807 658 3872 perlectam
685 3806 814 3857 unitatem
835 3820 904 3857 esse.
943 3803 1017 3856 Unda
1038 3819 1096 3857 curu

116 3880 188 3946 psius
207 3879 316 3929 civitate
334 3893 386 3929 non
407 3879 463 3930 lieri
487 3879 649 3928 mentionem
668 3883 762 3942 postea
780 3876 968 3941 intellexisset,
989 3883 1097 3927 contro-

115 3950 179 4002 llico
199 3951 285 4015 sopita
304 3957 352 4000 cst.
396 3950 502 4002 liorisio
526 3957 612 4001 tanton
632 3948 720 4014 lavet,
740 3948 811 4017 quod
829 3962 882 3998 non
901 3947 984 3999 semel
1005 3956 1097 4014 postea

111 4039 114 4070 ι
135 4021 291 4088 simpliciter
316 4022 437 4089 Vagensis
456 4025 588 4091 episcopus
613 4023 640 4072 in
661 4021 752 4073 endem
770 4019 920 4071 Collatione
947 4021 1096 4070 nominatus

111 4103 123 4144 ἱ.
162 4093 285 4145 Ceterum
306 4093 402 4144 ibitlem
424 4111 480 4160 cap.
499 4095 645 4144 ceratesituo
667 4094 803 4161 trigesimo
823 4094 917 4160 quinto
938 4098 1096 4142 memoratur

110 4184 150 4216 sus
169 4168 301 4234 episcopus
320 4166 435 4217 Vciensis
455 4183 487 4217 ox
507 4164 663 4228 Catholicis,
683 4173 710 4215 et
729 4180 786 4230 cap.
799 4167 944 4216 centesimo
963 4170 1094 4230 octuage-

113 4246 158 4288 xto
178 4238 328 4302 Quisrtosius
348 4238 465 4290 eiusdem
485 4238 539 4288 loci
561 4253 593 4287 ex
607 4237 802 4288 Donatistarum
816 4243 905 4287 secta:
925 4233 971 4287 se'd
992 4234 1095 4284 utrobi-

115 4312 190 4361 uzius
208 4311 327 4376 reposuit
344 4310 505 4361 Vninnorrsis.
552 4308 620 4359 Vide
640 4310 697 4359 eius
716 4316 792 4358 notas
811 4310 837 4358 in
857 4323 914 4373 cap.
927 4306 970 4358 55.
985 4313 1011 4356 et
1030 4304 1096 4355 alias
1123 4350 1126 4355 .

114 4390 178 4434 atas.
216 4382 288 4435 nihil
303 4390 392 4433 attero
412 4383 444 4434 de
454 4382 563 4449 Bageia,
586 4394 663 4453 quam
686 4380 820 4433 celebrem
841 4379 909 4432 adeo
928 4376 1097 4430 reddiderunt

111 4600 365 4612 —otn-—a———a-
