<?xml version="1.0" encoding="UTF-8"?>
<!DOCTYPE html PUBLIC "-//W3C//DTD XHTML 1.0 Transitional//EN"
    "http://www.w3.org/TR/xhtml1/DTD/xhtml1-transitional.dtd">
<html xmlns="http://www.w3.org/1999/xhtml" xml:lang="en" lang="en">
 <head>
  <title>
</title>
<meta http-equiv="Content-Type" content="text/html;charset=utf-8" />
  <meta name='ocr-system' content='tesseract 3.04.00' />
  <meta name='ocr-capabilities' content='ocr_page ocr_carea ocr_par ocr_line ocrx_word'/>
</head>
<body>
  <div class='ocr_page' id='page_1' title='image "./notitiadignitat01bcgoog_0211.png"; bbox 0 0 2918 4914; ppageno 0'>
   <div class='ocr_carea' id='block_1_1' title="bbox 135 244 1343 288">
    <p class='ocr_par' dir='ltr' id='par_1_1' title="bbox 135 244 1343 288">
     <span class='ocr_line' id='line_1_1' title="bbox 135 244 1343 288; baseline 0.008 -19"><span class='ocrx_word' id='word_1_1' title='bbox 135 244 182 288; x_wconf 39' lang='lat'><strong>,4</strong></span> <span class='ocrx_word' id='word_1_2' title='bbox 670 245 1343 288; x_wconf 44' lang='lat' dir='ltr'><strong>ml</strong></span> 
     </span>
    </p>
   </div>
   <div class='ocr_carea' id='block_1_2' title="bbox 201 376 1312 457">
    <p class='ocr_par' dir='ltr' id='par_1_2' title="bbox 201 376 1312 457">
     <span class='ocr_line' id='line_1_2' title="bbox 201 376 1312 457; baseline -0.005 -6"><span class='ocrx_word' id='word_1_3' title='bbox 201 376 292 451; x_wconf 57' lang='lat'><strong>738*</strong></span> <span class='ocrx_word' id='word_1_4' title='bbox 304 397 422 449; x_wconf 69' lang='lat' dir='ltr'><strong>ANIMI&gt;</strong></span> <span class='ocrx_word' id='word_1_5' title='bbox 430 397 745 457; x_wconf 59' lang='lat' dir='ltr'><strong>ttonoooonxxru.</strong></span> <span class='ocrx_word' id='word_1_6' title='bbox 755 400 821 450; x_wconf 74' lang='lat' dir='ltr'><strong>nux</strong></span> <span class='ocrx_word' id='word_1_7' title='bbox 836 399 1008 449; x_wconf 70' lang='lat' dir='ltr'><strong>PANNOM·</strong></span> <span class='ocrx_word' id='word_1_8' title='bbox 1020 399 1179 450; x_wconf 69' lang='lat' dir='ltr'><strong>HNORiGi</strong></span> <span class='ocrx_word' id='word_1_9' title='bbox 1189 400 1312 451; x_wconf 68' lang='lat' dir='ltr'><strong>mm.</strong></span> 
     </span>
    </p>
   </div>
   <div class='ocr_carea' id='block_1_3' title="bbox 198 596 1311 1987">
    <p class='ocr_par' dir='ltr' id='par_1_3' title="bbox 198 596 1311 1987">
     <span class='ocr_line' id='line_1_3' title="bbox 199 596 1311 685; baseline -0.001 -19"><span class='ocrx_word' id='word_1_10' title='bbox 199 602 311 685; x_wconf 86' lang='lat' dir='ltr'><strong>posuit,</strong></span> <span class='ocrx_word' id='word_1_11' title='bbox 335 607 368 663; x_wconf 89' lang='lat' dir='ltr'><strong>ut</strong></span> <span class='ocrx_word' id='word_1_12' title='bbox 390 618 458 663; x_wconf 83' lang='lat' dir='ltr'><strong>cunr</strong></span> <span class='ocrx_word' id='word_1_13' title='bbox 470 601 630 665; x_wconf 85' lang='lat' dir='ltr'><strong>Mannerto</strong></span> <span class='ocrx_word' id='word_1_14' title='bbox 647 598 667 659; x_wconf 91' lang='lat' dir='ltr'><strong>l.</strong></span> <span class='ocrx_word' id='word_1_15' title='bbox 682 617 712 660; x_wconf 91' lang='lat' dir='ltr'><strong>c.</strong></span> <span class='ocrx_word' id='word_1_16' title='bbox 726 599 760 660; x_wconf 92' lang='lat' dir='ltr'><strong>in</strong></span> <span class='ocrx_word' id='word_1_17' title='bbox 773 596 928 663; x_wconf 88' lang='lat' dir='ltr'><strong>hodierno</strong></span> <span class='ocrx_word' id='word_1_18' title='bbox 944 598 1112 662; x_wconf 80' lang='lat' dir='ltr'><strong>Neumoriet</strong></span> <span class='ocrx_word' id='word_1_19' title='bbox 1131 600 1200 664; x_wconf 88' lang='lat' dir='ltr'><strong>sive</strong></span> <span class='ocrx_word' id='word_1_20' title='bbox 1212 617 1311 683; x_wconf 91' lang='lat' dir='ltr'><strong>prope</strong></span> 
     </span>
     <span class='ocr_line' id='line_1_4' title="bbox 201 694 1311 794; baseline -0.001 -18"><span class='ocrx_word' id='word_1_21' title='bbox 201 713 283 776; x_wconf 87' lang='lat' dir='ltr'><strong>hunc</strong></span> <span class='ocrx_word' id='word_1_22' title='bbox 305 712 405 774; x_wconf 87' lang='lat' dir='ltr'><strong>vicum</strong></span> <span class='ocrx_word' id='word_1_23' title='bbox 430 710 566 788; x_wconf 83' lang='lat' dir='ltr'><strong>(Hassel.</strong></span> <span class='ocrx_word' id='word_1_24' title='bbox 587 729 616 791; x_wconf 85' lang='lat' dir='ltr'><strong>p.</strong></span> <span class='ocrx_word' id='word_1_25' title='bbox 634 710 725 787; x_wconf 74' lang='lat'>217.)</span> <span class='ocrx_word' id='word_1_26' title='bbox 747 709 836 772; x_wconf 90' lang='lat' dir='ltr'><strong>iocus</strong></span> <span class='ocrx_word' id='word_1_27' title='bbox 861 710 1057 790; x_wconf 88' lang='lat' dir='ltr'><strong>quaerendus</strong></span> <span class='ocrx_word' id='word_1_28' title='bbox 1078 711 1138 794; x_wconf 77' lang='lat' dir='ltr'><strong>sit,</strong></span> <span class='ocrx_word' id='word_1_29' title='bbox 1164 694 1214 783; x_wconf 80' lang='lat' dir='ltr'><strong>cui</strong></span> <span class='ocrx_word' id='word_1_30' title='bbox 1237 730 1311 775; x_wconf 86' lang='lat' dir='ltr'><strong>sen-</strong></span> 
     </span>
     <span class='ocr_line' id='line_1_5' title="bbox 201 818 1309 902; baseline -0.002 -15"><span class='ocrx_word' id='word_1_31' title='bbox 201 822 315 887; x_wconf 88' lang='lat' dir='ltr'><strong>tentiae</strong></span> <span class='ocrx_word' id='word_1_32' title='bbox 339 821 431 884; x_wconf 83' lang='lat' dir='ltr'><strong>etianr</strong></span> <span class='ocrx_word' id='word_1_33' title='bbox 453 819 672 902; x_wconf 80' lang='lat' dir='ltr'><strong>Hormayrius,</strong></span> <span class='ocrx_word' id='word_1_34' title='bbox 696 818 859 883; x_wconf 71' lang='lat' dir='ltr'><strong>nachar*</strong></span> <span class='ocrx_word' id='word_1_35' title='bbox 882 826 912 882; x_wconf 89' lang='lat' dir='ltr'><strong>et</strong></span> <span class='ocrx_word' id='word_1_36' title='bbox 934 821 1064 901; x_wconf 89' lang='lat' dir='ltr'><strong>Lapieus</strong></span> <span class='ocrx_word' id='word_1_37' title='bbox 1086 822 1200 885; x_wconf 83' lang='lat' dir='ltr'><strong>favent.</strong></span> <span class='ocrx_word' id='word_1_38' title='bbox 1248 823 1309 885; x_wconf 86' lang='lat' dir='ltr'><strong>Ve-</strong></span> 
     </span>
     <span class='ocr_line' id='line_1_6' title="bbox 198 930 1306 1015; baseline -0.001 -20"><span class='ocrx_word' id='word_1_39' title='bbox 198 951 264 996; x_wconf 87' lang='lat' dir='ltr'><strong>rum</strong></span> <span class='ocrx_word' id='word_1_40' title='bbox 289 931 488 1015; x_wconf 81' lang='lat' dir='ltr'><strong>cogitandum</strong></span> <span class='ocrx_word' id='word_1_41' title='bbox 509 934 602 992; x_wconf 84' lang='lat' dir='ltr'><strong>etiarn</strong></span> <span class='ocrx_word' id='word_1_42' title='bbox 627 936 674 993; x_wconf 90' lang='lat' dir='ltr'><strong>est</strong></span> <span class='ocrx_word' id='word_1_43' title='bbox 695 930 728 991; x_wconf 96' lang='lat' dir='ltr'><strong>id</strong></span> <span class='ocrx_word' id='word_1_44' title='bbox 753 930 838 1009; x_wconf 86' lang='lat' dir='ltr'><strong>quod</strong></span> <span class='ocrx_word' id='word_1_45' title='bbox 861 930 898 992; x_wconf 89' lang='lat' dir='ltr'><strong>ad</strong></span> <span class='ocrx_word' id='word_1_46' title='bbox 922 949 987 1011; x_wconf 83' lang='lat' dir='ltr'><strong>seq.</strong></span> <span class='ocrx_word' id='word_1_47' title='bbox 1005 931 1034 1007; x_wconf 64' lang='lat' dir='ltr'><strong>d,</strong></span> <span class='ocrx_word' id='word_1_48' title='bbox 1054 931 1219 995; x_wconf 88' lang='lat' dir='ltr'><strong>dicendum</strong></span> <span class='ocrx_word' id='word_1_49' title='bbox 1241 933 1306 1011; x_wconf 89' lang='lat' dir='ltr'><strong>erit,</strong></span> 
     </span>
     <span class='ocr_line' id='line_1_7' title="bbox 203 1019 1306 1123; baseline 0.003 -19"><span class='ocrx_word' id='word_1_50' title='bbox 203 1042 285 1123; x_wconf 91' lang='lat' dir='ltr'><strong>quod</strong></span> <span class='ocrx_word' id='word_1_51' title='bbox 307 1043 462 1120; x_wconf 76' lang='lat' dir='ltr'><strong>efiiceret,</strong></span> <span class='ocrx_word' id='word_1_52' title='bbox 490 1047 523 1103; x_wconf 89' lang='lat' dir='ltr'><strong>ut</strong></span> <span class='ocrx_word' id='word_1_53' title='bbox 549 1039 675 1102; x_wconf 88' lang='lat' dir='ltr'><strong>nomina</strong></span> <span class='ocrx_word' id='word_1_54' title='bbox 698 1019 848 1101; x_wconf 68' lang='lat' dir='ltr'><strong>Arrianis</strong></span> <span class='ocrx_word' id='word_1_55' title='bbox 876 1048 906 1102; x_wconf 89' lang='lat' dir='ltr'><strong>et</strong></span> <span class='ocrx_word' id='word_1_56' title='bbox 930 1040 1108 1103; x_wconf 78' lang='lat' dir='ltr'><strong>Corutenais</strong></span> <span class='ocrx_word' id='word_1_57' title='bbox 1131 1044 1306 1107; x_wconf 72' lang='lat' dir='ltr'><strong>Pannoniae</strong></span> 
     </span>
     <span class='ocr_line' id='line_1_8' title="bbox 198 1149 1305 1232; baseline 0.002 -18"><span class='ocrx_word' id='word_1_58' title='bbox 198 1152 329 1232; x_wconf 89' lang='lat' dir='ltr'><strong>Primae,</strong></span> <span class='ocrx_word' id='word_1_59' title='bbox 352 1169 416 1213; x_wconf 95' lang='lat' dir='ltr'><strong>non</strong></span> <span class='ocrx_word' id='word_1_60' title='bbox 437 1150 553 1214; x_wconf 91' lang='lat' dir='ltr'><strong>Norico</strong></span> <span class='ocrx_word' id='word_1_61' title='bbox 575 1149 702 1231; x_wconf 84' lang='lat' dir='ltr'><strong>Ripensi</strong></span> <span class='ocrx_word' id='word_1_62' title='bbox 723 1149 906 1215; x_wconf 76' lang='lat' dir='ltr'><strong>adscribere</strong></span> <span class='ocrx_word' id='word_1_63' title='bbox 927 1151 1119 1216; x_wconf 81' lang='lat' dir='ltr'><strong>deberemus.</strong></span> <span class='ocrx_word' id='word_1_64' title='bbox 1163 1152 1209 1216; x_wconf 89' lang='lat' dir='ltr'><strong>Dc</strong></span> <span class='ocrx_word' id='word_1_65' title='bbox 1230 1171 1305 1217; x_wconf 87' lang='lat' dir='ltr'><strong>con-</strong></span> 
     </span>
     <span class='ocr_line' id='line_1_9' title="bbox 200 1261 1303 1345; baseline 0.004 -21"><span class='ocrx_word' id='word_1_66' title='bbox 200 1262 325 1325; x_wconf 90' lang='lat' dir='ltr'><strong>iecturis</strong></span> <span class='ocrx_word' id='word_1_67' title='bbox 351 1261 435 1324; x_wconf 87' lang='lat' dir='ltr'><strong>Lazii</strong></span> <span class='ocrx_word' id='word_1_68' title='bbox 464 1265 494 1322; x_wconf 92' lang='lat' dir='ltr'><strong>et</strong></span> <span class='ocrx_word' id='word_1_69' title='bbox 523 1277 630 1324; x_wconf 83' lang='lat' dir='ltr'><strong>eorunr</strong></span> <span class='ocrx_word' id='word_1_70' title='bbox 660 1277 736 1342; x_wconf 89' lang='lat' dir='ltr'><strong>quos</strong></span> <span class='ocrx_word' id='word_1_71' title='bbox 767 1267 919 1324; x_wconf 87' lang='lat' dir='ltr'><strong>memorat</strong></span> <span class='ocrx_word' id='word_1_72' title='bbox 941 1261 1029 1325; x_wconf 80' lang='lat' dir='ltr'><strong>Brun.</strong></span> <span class='ocrx_word' id='word_1_73' title='bbox 1049 1262 1079 1327; x_wconf 88' lang='lat' dir='ltr'><strong>la</strong></span> <span class='ocrx_word' id='word_1_74' title='bbox 1102 1263 1189 1325; x_wconf 79' lang='lat' dir='ltr'><strong>Mart.</strong></span> <span class='ocrx_word' id='word_1_75' title='bbox 1207 1263 1303 1345; x_wconf 88' lang='lat' dir='ltr'><strong>paullo</strong></span> 
     </span>
     <span class='ocr_line' id='line_1_10' title="bbox 201 1369 1302 1454; baseline 0.002 -19"><span class='ocrx_word' id='word_1_76' title='bbox 201 1378 272 1436; x_wconf 91' lang='lat' dir='ltr'><strong>ante</strong></span> <span class='ocrx_word' id='word_1_77' title='bbox 295 1371 409 1434; x_wconf 89' lang='lat' dir='ltr'><strong>dictum</strong></span> <span class='ocrx_word' id='word_1_78' title='bbox 432 1377 489 1450; x_wconf 93' lang='lat' dir='ltr'><strong>est,</strong></span> <span class='ocrx_word' id='word_1_79' title='bbox 513 1371 564 1451; x_wconf 89' lang='lat' dir='ltr'><strong>qni</strong></span> <span class='ocrx_word' id='word_1_80' title='bbox 587 1370 773 1449; x_wconf 82' lang='lat' dir='ltr'><strong>v.Caratae,</strong></span> <span class='ocrx_word' id='word_1_81' title='bbox 800 1378 959 1451; x_wconf 88' lang='lat' dir='ltr'><strong>postquam</strong></span> <span class='ocrx_word' id='word_1_82' title='bbox 983 1372 1021 1435; x_wconf 93' lang='lat' dir='ltr'><strong>de</strong></span> <span class='ocrx_word' id='word_1_83' title='bbox 1036 1369 1302 1454; x_wconf 75' lang='grc' dir='ltr'><strong>Καρᾰταιςηαρά</strong></span> 
     </span>
     <span class='ocr_line' id='line_1_11' title="bbox 200 1477 1303 1563; baseline 0.001 -19"><span class='ocrx_word' id='word_1_84' title='bbox 200 1477 257 1544; x_wconf 79' lang='grc' dir='ltr'><strong>τόν</strong></span> <span class='ocrx_word' id='word_1_85' title='bbox 275 1477 460 1563; x_wconf 77' lang='grc' dir='ltr'><em>Ἰαξάρτην,</em></span> <span class='ocrx_word' id='word_1_86' title='bbox 481 1481 628 1544; x_wconf 85' lang='lat' dir='ltr'>Sacarum</span> <span class='ocrx_word' id='word_1_87' title='bbox 653 1479 765 1560; x_wconf 86' lang='lat' dir='ltr'><strong>populo</strong></span> <span class='ocrx_word' id='word_1_88' title='bbox 789 1497 838 1559; x_wconf 89' lang='lat' dir='ltr'><strong>ap.</strong></span> <span class='ocrx_word' id='word_1_89' title='bbox 852 1480 926 1543; x_wconf 88' lang='lat' dir='ltr'><strong>Ptol.</strong></span> <span class='ocrx_word' id='word_1_90' title='bbox 940 1482 988 1544; x_wconf 86' lang='lat' dir='ltr'><strong>Vl.</strong></span> <span class='ocrx_word' id='word_1_91' title='bbox 1013 1482 1072 1560; x_wconf 82' lang='lat'><strong>13,</strong></span> <span class='ocrx_word' id='word_1_92' title='bbox 1103 1482 1199 1545; x_wconf 86' lang='lat' dir='ltr'><strong>verba</strong></span> <span class='ocrx_word' id='word_1_93' title='bbox 1223 1483 1303 1561; x_wconf 86' lang='lat' dir='ltr'><strong>iecit,</strong></span> 
     </span>
     <span class='ocr_line' id='line_1_12' title="bbox 199 1588 1304 1683; baseline 0 -29"><span class='ocrx_word' id='word_1_94' title='bbox 199 1590 474 1683; x_wconf 29' lang='lat' dir='ltr'><strong>secundum&#39;vers.</strong></span> <span class='ocrx_word' id='word_1_95' title='bbox 488 1590 704 1653; x_wconf 85' lang='lat' dir='ltr'><strong>Germanicam</strong></span> <span class='ocrx_word' id='word_1_96' title='bbox 723 1588 895 1669; x_wconf 62' lang='grc' dir='ltr'><strong>πΟιιναίαοα</strong></span> <span class='ocrx_word' id='word_1_97' title='bbox 919 1591 1015 1672; x_wconf 90' lang='lat' dir='ltr'><strong>inquit</strong></span> <span class='ocrx_word' id='word_1_98' title='bbox 1037 1590 1170 1671; x_wconf 78' lang='lat' dir='ltr'><strong>,Lauina</strong></span> <span class='ocrx_word' id='word_1_99' title='bbox 1188 1592 1304 1655; x_wconf 76' lang='lat' dir='ltr'><strong>errict-</strong></span> 
     </span>
     <span class='ocr_line' id='line_1_13' title="bbox 199 1678 1304 1783; baseline 0.003 -23"><span class='ocrx_word' id='word_1_100' title='bbox 199 1705 241 1761; x_wconf 86' lang='lat' dir='ltr'><strong>tet</strong></span> <span class='ocrx_word' id='word_1_101' title='bbox 265 1700 314 1762; x_wconf 80' lang='lat' dir='ltr'><strong>ein</strong></span> <span class='ocrx_word' id='word_1_102' title='bbox 343 1697 432 1761; x_wconf 79' lang='lat' dir='ltr'><strong>Volcir</strong></span> <span class='ocrx_word' id='word_1_103' title='bbox 459 1699 559 1761; x_wconf 81' lang='lat' dir='ltr'><strong>dieses</strong></span> <span class='ocrx_word' id='word_1_104' title='bbox 582 1697 737 1761; x_wconf 76' lang='lat' dir='ltr'><strong>Notmcna</strong></span> <span class='ocrx_word' id='word_1_105' title='bbox 769 1700 802 1760; x_wconf 81' lang='lat' dir='ltr'><strong>in</strong></span> <span class='ocrx_word' id='word_1_106' title='bbox 833 1678 968 1780; x_wconf 88' lang='lat' dir='ltr'><strong>Norico,</strong></span> <span class='ocrx_word' id='word_1_107' title='bbox 1000 1701 1061 1782; x_wconf 77' lang='lat' dir='ltr'><strong>aas</strong></span> <span class='ocrx_word' id='word_1_108' title='bbox 1087 1701 1145 1762; x_wconf 82' lang='lat' dir='ltr'><strong>den</strong></span> <span class='ocrx_word' id='word_1_109' title='bbox 1173 1701 1304 1783; x_wconf 72' lang='lat' dir='ltr'><strong>cirtaipen</strong></span> 
     </span>
     <span class='ocr_line' id='line_1_14' title="bbox 200 1809 1305 1891; baseline 0 -18"><span class='ocrx_word' id='word_1_110' title='bbox 200 1810 324 1883; x_wconf 79' lang='lat' dir='ltr'><strong>Grund,</strong></span> <span class='ocrx_word' id='word_1_111' title='bbox 346 1809 418 1871; x_wconf 79' lang='lat' dir='ltr'><strong>weil</strong></span> <span class='ocrx_word' id='word_1_112' title='bbox 437 1829 509 1871; x_wconf 86' lang='lat' dir='ltr'><strong>mon</strong></span> <span class='ocrx_word' id='word_1_113' title='bbox 537 1810 569 1870; x_wconf 83' lang='lat' dir='ltr'><strong>in</strong></span> <span class='ocrx_word' id='word_1_114' title='bbox 593 1810 648 1872; x_wconf 80' lang='lat' dir='ltr'><strong>der</strong></span> <span class='ocrx_word' id='word_1_115' title='bbox 669 1810 738 1874; x_wconf 89' lang='lat' dir='ltr'><strong>Not.</strong></span> <span class='ocrx_word' id='word_1_116' title='bbox 757 1810 830 1891; x_wconf 89' lang='lat' dir='ltr'><strong>imp.</strong></span> <span class='ocrx_word' id='word_1_117' title='bbox 852 1809 946 1888; x_wconf 77' lang='lat' dir='ltr'><strong>findet</strong></span> <span class='ocrx_word' id='word_1_118' title='bbox 965 1809 1045 1873; x_wconf 83' lang='lat' dir='ltr'><strong>Trib.</strong></span> <span class='ocrx_word' id='word_1_119' title='bbox 1066 1811 1135 1873; x_wconf 89' lang='lat' dir='ltr'><strong>coh.</strong></span> <span class='ocrx_word' id='word_1_120' title='bbox 1158 1811 1305 1875; x_wconf 85' lang='lat' dir='ltr'><strong>Caraten·</strong></span> 
     </span>
     <span class='ocr_line' id='line_1_15' title="bbox 200 1919 1304 1987; baseline -0.003 -1"><span class='ocrx_word' id='word_1_121' title='bbox 200 1923 263 1987; x_wconf 89' lang='lat' dir='ltr'><strong>sis.</strong></span> <span class='ocrx_word' id='word_1_122' title='bbox 280 1969 287 1983; x_wconf 93' lang='lat'><strong><em>.</em></strong></span> <span class='ocrx_word' id='word_1_123' title='bbox 303 1927 341 1982; x_wconf 81' lang='lat'><strong>.“.</strong></span> <span class='ocrx_word' id='word_1_124' title='bbox 385 1920 565 1983; x_wconf 89' lang='lat' dir='ltr'><strong>Pancirolus</strong></span> <span class='ocrx_word' id='word_1_125' title='bbox 589 1919 769 1983; x_wconf 79' lang='lat' dir='ltr'><strong>Corctensis</strong></span> <span class='ocrx_word' id='word_1_126' title='bbox 799 1938 913 1982; x_wconf 85' lang='lat' dir='ltr'><strong>nomen</strong></span> <span class='ocrx_word' id='word_1_127' title='bbox 942 1920 1079 1983; x_wconf 75' lang='lat' dir='ltr'><strong>cohortis</strong></span> <span class='ocrx_word' id='word_1_128' title='bbox 1108 1922 1206 1985; x_wconf 85' lang='lat' dir='ltr'><strong>inisse</strong></span> <span class='ocrx_word' id='word_1_129' title='bbox 1231 1939 1304 1985; x_wconf 90' lang='lat' dir='ltr'><strong>ean-</strong></span> 
     </span>
    </p>
   </div>
   <div class='ocr_carea' id='block_1_4' title="bbox 201 2029 1305 2442">
    <p class='ocr_par' dir='ltr' id='par_1_4' title="bbox 201 2029 1305 2442">
     <span class='ocr_line' id='line_1_16' title="bbox 201 2029 1305 2113; baseline -0.003 -17"><span class='ocrx_word' id='word_1_130' title='bbox 201 2032 330 2112; x_wconf 84' lang='lat' dir='ltr'><strong>demque</strong></span> <span class='ocrx_word' id='word_1_131' title='bbox 351 2030 433 2093; x_wconf 89' lang='lat' dir='ltr'><strong>idem</strong></span> <span class='ocrx_word' id='word_1_132' title='bbox 457 2030 635 2112; x_wconf 81' lang='lat' dir='ltr'><strong>significare</strong></span> <span class='ocrx_word' id='word_1_133' title='bbox 658 2037 748 2112; x_wconf 86' lang='lat' dir='ltr'><strong>atque</strong></span> <span class='ocrx_word' id='word_1_134' title='bbox 765 2029 1004 2092; x_wconf 67' lang='lat' dir='ltr'><strong>cnaoanaoes</strong></span> <span class='ocrx_word' id='word_1_135' title='bbox 1026 2030 1083 2093; x_wconf 91' lang='lat' dir='ltr'><strong>sub</strong></span> <span class='ocrx_word' id='word_1_136' title='bbox 1097 2031 1217 2095; x_wconf 78' lang='lat' dir='ltr'><strong>comite</strong></span> <span class='ocrx_word' id='word_1_137' title='bbox 1237 2030 1305 2113; x_wconf 76' lang='lat' dir='ltr'><strong>illy-</strong></span> 
     </span>
     <span class='ocr_line' id='line_1_17' title="bbox 201 2139 1302 2222; baseline -0.002 -17"><span class='ocrx_word' id='word_1_138' title='bbox 201 2143 259 2205; x_wconf 83' lang='lat' dir='ltr'><strong>rici</strong></span> <span class='ocrx_word' id='word_1_139' title='bbox 283 2140 486 2204; x_wconf 89' lang='lat' dir='ltr'><strong>occidentaiis</strong></span> <span class='ocrx_word' id='word_1_140' title='bbox 512 2142 566 2220; x_wconf 85' lang='lat' dir='ltr'><strong>[ci.</strong></span> <span class='ocrx_word' id='word_1_141' title='bbox 583 2160 612 2222; x_wconf 89' lang='lat' dir='ltr'><strong>p.</strong></span> <span class='ocrx_word' id='word_1_142' title='bbox 627 2142 697 2206; x_wconf 65' lang='lat'><strong>35³³.</strong></span> <span class='ocrx_word' id='word_1_143' title='bbox 715 2143 743 2219; x_wconf 68' lang='lat' dir='ltr'><strong>i.</strong></span> <span class='ocrx_word' id='word_1_144' title='bbox 763 2141 811 2204; x_wconf 85' lang='lat'><strong>10.</strong></span> <span class='ocrx_word' id='word_1_145' title='bbox 832 2140 1065 2221; x_wconf 79' lang='lat' dir='ltr'><strong>,Gatarienses“</strong></span> <span class='ocrx_word' id='word_1_146' title='bbox 1090 2146 1120 2219; x_wconf 75' lang='lat' dir='ltr'><strong>et</strong></span> <span class='ocrx_word' id='word_1_147' title='bbox 1145 2146 1250 2204; x_wconf 89' lang='lat' dir='ltr'><strong>annot.</strong></span> <span class='ocrx_word' id='word_1_148' title='bbox 1268 2139 1302 2204; x_wconf 84' lang='lat' dir='ltr'><strong>ad</strong></span> 
     </span>
     <span class='ocr_line' id='line_1_18' title="bbox 202 2250 1302 2333; baseline -0.001 -19"><span class='ocrx_word' id='word_1_149' title='bbox 202 2252 231 2314; x_wconf 89' lang='lat' dir='ltr'><strong>ir.</strong></span> <span class='ocrx_word' id='word_1_150' title='bbox 246 2251 266 2314; x_wconf 91' lang='lat' dir='ltr'><strong>i.</strong></span> <span class='ocrx_word' id='word_1_151' title='bbox 280 2271 308 2333; x_wconf 94' lang='lat' dir='ltr'><strong>p.</strong></span> <span class='ocrx_word' id='word_1_152' title='bbox 321 2250 442 2329; x_wconf 72' lang='lat'><strong>279*.],</strong></span> <span class='ocrx_word' id='word_1_153' title='bbox 465 2269 579 2315; x_wconf 91' lang='lat' dir='ltr'><strong>nomen</strong></span> <span class='ocrx_word' id='word_1_154' title='bbox 603 2259 702 2315; x_wconf 89' lang='lat' dir='ltr'><strong>autern</strong></span> <span class='ocrx_word' id='word_1_155' title='bbox 725 2251 806 2330; x_wconf 91' lang='lat' dir='ltr'><strong>loci,</strong></span> <span class='ocrx_word' id='word_1_156' title='bbox 828 2251 882 2313; x_wconf 91' lang='lat' dir='ltr'><strong>ubi</strong></span> <span class='ocrx_word' id='word_1_157' title='bbox 903 2251 1058 2314; x_wconf 81' lang='lat' dir='ltr'><strong>resideret</strong></span> <span class='ocrx_word' id='word_1_158' title='bbox 1077 2250 1155 2314; x_wconf 89' lang='lat' dir='ltr'><strong>haec</strong></span> <span class='ocrx_word' id='word_1_159' title='bbox 1181 2250 1302 2328; x_wconf 85' lang='lat' dir='ltr'><strong>cohors,</strong></span> 
     </span>
     <span class='ocr_line' id='line_1_19' title="bbox 203 2358 1304 2442; baseline -0.002 -19"><span class='ocrx_word' id='word_1_160' title='bbox 203 2361 376 2425; x_wconf 85' lang='lat' dir='ltr'><strong>desiderari</strong></span> <span class='ocrx_word' id='word_1_161' title='bbox 398 2361 523 2442; x_wconf 87' lang='lat' dir='ltr'><strong>putavit.</strong></span> <span class='ocrx_word' id='word_1_162' title='bbox 546 2366 827 2442; x_wconf 79' lang='lat' dir='ltr'><strong>utramqueparum</strong></span> <span class='ocrx_word' id='word_1_163' title='bbox 848 2367 946 2438; x_wconf 89' lang='lat' dir='ltr'><strong>recte,</strong></span> <span class='ocrx_word' id='word_1_164' title='bbox 970 2361 1108 2441; x_wconf 87' lang='lat' dir='ltr'><strong>quamvis</strong></span> <span class='ocrx_word' id='word_1_165' title='bbox 1129 2358 1204 2423; x_wconf 93' lang='lat' dir='ltr'><strong>iilud</strong></span> <span class='ocrx_word' id='word_1_166' title='bbox 1218 2360 1304 2422; x_wconf 87' lang='lat' dir='ltr'><strong>etiarn</strong></span> 
     </span>
    </p>
   </div>
   <div class='ocr_carea' id='block_1_5' title="bbox 142 2468 1304 3540">
    <p class='ocr_par' dir='ltr' id='par_1_5' title="bbox 202 2468 1304 2989">
     <span class='ocr_line' id='line_1_20' title="bbox 202 2468 1304 2551; baseline -0.001 -18"><span class='ocrx_word' id='word_1_167' title='bbox 202 2471 362 2551; x_wconf 76' lang='lat' dir='ltr'><strong>Hormayr.</strong></span> <span class='ocrx_word' id='word_1_168' title='bbox 375 2470 396 2532; x_wconf 92' lang='lat' dir='ltr'><strong>i.</strong></span> <span class='ocrx_word' id='word_1_169' title='bbox 408 2471 436 2533; x_wconf 73' lang='lat'><strong>2.</strong></span> <span class='ocrx_word' id='word_1_170' title='bbox 447 2488 475 2550; x_wconf 89' lang='lat' dir='ltr'><strong>p.</strong></span> <span class='ocrx_word' id='word_1_171' title='bbox 490 2468 560 2534; x_wconf 80' lang='lat'><strong>137.</strong></span> <span class='ocrx_word' id='word_1_172' title='bbox 570 2470 785 2533; x_wconf 84' lang='lat' dir='ltr'><strong>affirmaverit:</strong></span> <span class='ocrx_word' id='word_1_173' title='bbox 811 2470 1005 2534; x_wconf 87' lang='lat' dir='ltr'><strong>Catarienses</strong></span> <span class='ocrx_word' id='word_1_174' title='bbox 1028 2469 1204 2533; x_wconf 80' lang='lat' dir='ltr'><strong>Pannoniae</strong></span> <span class='ocrx_word' id='word_1_175' title='bbox 1221 2468 1304 2532; x_wconf 88' lang='lat' dir='ltr'><strong>inie-</strong></span> 
     </span>
     <span class='ocr_line' id='line_1_21' title="bbox 202 2578 1304 2660; baseline -0.001 -19"><span class='ocrx_word' id='word_1_176' title='bbox 202 2578 279 2641; x_wconf 88' lang='lat' dir='ltr'><strong>riori</strong></span> <span class='ocrx_word' id='word_1_177' title='bbox 304 2578 502 2642; x_wconf 80' lang='lat' dir='ltr'><strong>adscribendi</strong></span> <span class='ocrx_word' id='word_1_178' title='bbox 524 2585 612 2656; x_wconf 84' lang='lat' dir='ltr'><strong>sunt3</strong></span> <span class='ocrx_word' id='word_1_179' title='bbox 635 2579 686 2642; x_wconf 86' lang='lat' dir='ltr'><strong>hic</strong></span> <span class='ocrx_word' id='word_1_180' title='bbox 707 2580 738 2641; x_wconf 93' lang='lat' dir='ltr'><strong>in</strong></span> <span class='ocrx_word' id='word_1_181' title='bbox 761 2580 876 2643; x_wconf 91' lang='lat' dir='ltr'><strong>Norico</strong></span> <span class='ocrx_word' id='word_1_182' title='bbox 900 2580 985 2660; x_wconf 87' lang='lat' dir='ltr'><strong>sive,</strong></span> <span class='ocrx_word' id='word_1_183' title='bbox 1010 2580 1090 2660; x_wconf 88' lang='lat' dir='ltr'><strong>quod</strong></span> <span class='ocrx_word' id='word_1_184' title='bbox 1113 2580 1214 2641; x_wconf 82' lang='lat' dir='ltr'><strong>minus</strong></span> <span class='ocrx_word' id='word_1_185' title='bbox 1235 2594 1304 2641; x_wconf 90' lang='lat' dir='ltr'><strong>cre-</strong></span> 
     </span>
     <span class='ocr_line' id='line_1_22' title="bbox 203 2687 1304 2769; baseline 0.001 -20"><span class='ocrx_word' id='word_1_186' title='bbox 203 2687 327 2766; x_wconf 89' lang='lat' dir='ltr'><strong>derern,</strong></span> <span class='ocrx_word' id='word_1_187' title='bbox 351 2689 382 2749; x_wconf 96' lang='lat' dir='ltr'><strong>in</strong></span> <span class='ocrx_word' id='word_1_188' title='bbox 403 2688 570 2769; x_wconf 84' lang='lat' dir='ltr'><strong>superiore</strong></span> <span class='ocrx_word' id='word_1_189' title='bbox 591 2688 747 2751; x_wconf 88' lang='lat' dir='ltr'><strong>Pannonia</strong></span> <span class='ocrx_word' id='word_1_190' title='bbox 776 2703 958 2767; x_wconf 70' lang='lat' dir='ltr'><strong>versantia,</strong></span> <span class='ocrx_word' id='word_1_191' title='bbox 987 2706 1100 2753; x_wconf 91' lang='lat' dir='ltr'><strong>nomen</strong></span> <span class='ocrx_word' id='word_1_192' title='bbox 1123 2695 1225 2752; x_wconf 86' lang='lat' dir='ltr'><strong>autem</strong></span> <span class='ocrx_word' id='word_1_193' title='bbox 1246 2687 1304 2751; x_wconf 92' lang='lat' dir='ltr'><strong>ioci</strong></span> 
     </span>
     <span class='ocr_line' id='line_1_23' title="bbox 202 2797 1304 2880; baseline -0.003 -20"><span class='ocrx_word' id='word_1_194' title='bbox 202 2797 354 2860; x_wconf 83' lang='lat' dir='ltr'><strong>vocabulo</strong></span> <span class='ocrx_word' id='word_1_195' title='bbox 370 2797 551 2860; x_wconf 83' lang='lat' dir='ltr'><strong>Caratensis</strong></span> <span class='ocrx_word' id='word_1_196' title='bbox 573 2797 706 2861; x_wconf 87' lang='lat' dir='ltr'><strong>indicari</strong></span> <span class='ocrx_word' id='word_1_197' title='bbox 728 2814 836 2862; x_wconf 89' lang='lat' dir='ltr'><strong>omncs</strong></span> <span class='ocrx_word' id='word_1_198' title='bbox 858 2805 988 2880; x_wconf 87' lang='lat' dir='ltr'><strong>utroque</strong></span> <span class='ocrx_word' id='word_1_199' title='bbox 1010 2799 1120 2880; x_wconf 91' lang='lat' dir='ltr'><strong>capite,</strong></span> <span class='ocrx_word' id='word_1_200' title='bbox 1144 2805 1175 2860; x_wconf 89' lang='lat' dir='ltr'><strong>et</strong></span> <span class='ocrx_word' id='word_1_201' title='bbox 1196 2798 1257 2862; x_wconf 89' lang='lat' dir='ltr'><strong>hoc</strong></span> <span class='ocrx_word' id='word_1_202' title='bbox 1277 2800 1304 2860; x_wconf 86' lang='lat' dir='ltr'><strong>et</strong></span> 
     </span>
     <span class='ocr_line' id='line_1_24' title="bbox 202 2908 1304 2989; baseline -0.003 -16"><span class='ocrx_word' id='word_1_203' title='bbox 202 2909 374 2989; x_wconf 86' lang='lat' dir='ltr'><strong>superiore,</strong></span> <span class='ocrx_word' id='word_1_204' title='bbox 398 2908 455 2970; x_wconf 81' lang='lat' dir='ltr'><strong>sui)</strong></span> <span class='ocrx_word' id='word_1_205' title='bbox 477 2908 663 2971; x_wconf 84' lang='lat' dir='ltr'><strong>Frecensiti</strong></span> <span class='ocrx_word' id='word_1_206' title='bbox 679 2908 795 2971; x_wconf 80' lang='lat' dir='ltr'><strong>tribuni</strong></span> <span class='ocrx_word' id='word_1_207' title='bbox 818 2915 977 2971; x_wconf 85' lang='lat' dir='ltr'><strong>testantur.</strong></span> <span class='ocrx_word' id='word_1_208' title='bbox 1022 2908 1183 2972; x_wconf 79' lang='lat' dir='ltr'><strong>Labdacus</strong></span> <span class='ocrx_word' id='word_1_209' title='bbox 1207 2923 1304 2970; x_wconf 88' lang='lat' dir='ltr'><strong>unno-</strong></span> 
     </span>
    </p>

    <p class='ocr_par' dir='ltr' id='par_1_6' title="bbox 142 3004 1304 3540">
     <span class='ocr_line' id='line_1_25' title="bbox 142 3004 1304 3097; baseline -0.001 -16"><span class='ocrx_word' id='word_1_210' title='bbox 142 3004 146 3011; x_wconf 66' lang='grc'><strong>’</strong></span> <span class='ocrx_word' id='word_1_211' title='bbox 205 3018 281 3081; x_wconf 84' lang='lat' dir='ltr'><strong>tavit</strong></span> <span class='ocrx_word' id='word_1_212' title='bbox 302 3017 399 3097; x_wconf 83' lang='lat' dir='ltr'><strong>,Quid</strong></span> <span class='ocrx_word' id='word_1_213' title='bbox 423 3018 450 3079; x_wconf 93' lang='lat' dir='ltr'><strong>si</strong></span> <span class='ocrx_word' id='word_1_214' title='bbox 473 3016 699 3079; x_wconf 62' lang='lat' dir='ltr'><strong>Carantmetss</strong></span> <span class='ocrx_word' id='word_1_215' title='bbox 722 3017 778 3080; x_wconf 90' lang='lat' dir='ltr'><strong>sed</strong></span> <span class='ocrx_word' id='word_1_216' title='bbox 802 3012 1012 3095; x_wconf 82' lang='lat' dir='ltr'><strong>non&#39;adieoit,</strong></span> <span class='ocrx_word' id='word_1_217' title='bbox 1034 3017 1087 3080; x_wconf 91' lang='lat' dir='ltr'><strong>nbi</strong></span> <span class='ocrx_word' id='word_1_218' title='bbox 1109 3018 1171 3081; x_wconf 90' lang='lat' dir='ltr'><strong>hoc</strong></span> <span class='ocrx_word' id='word_1_219' title='bbox 1194 3016 1304 3082; x_wconf 82' lang='lat' dir='ltr'><strong>castei-</strong></span> 
     </span>
     <span class='ocr_line' id='line_1_26' title="bbox 202 3126 1302 3208; baseline -0.004 -16"><span class='ocrx_word' id='word_1_220' title='bbox 202 3128 265 3192; x_wconf 88' lang='lat' dir='ltr'><strong>iunr</strong></span> <span class='ocrx_word' id='word_1_221' title='bbox 289 3127 497 3208; x_wconf 88' lang='lat' dir='ltr'><strong>quaerendum</strong></span> <span class='ocrx_word' id='word_1_222' title='bbox 522 3126 611 3189; x_wconf 86' lang='lat' dir='ltr'><strong>ioret.</strong></span> <span class='ocrx_word' id='word_1_223' title='bbox 646 3127 769 3190; x_wconf 91' lang='lat' dir='ltr'><strong>videtur</strong></span> <span class='ocrx_word' id='word_1_224' title='bbox 800 3127 838 3190; x_wconf 91' lang='lat' dir='ltr'><strong>dc</strong></span> <span class='ocrx_word' id='word_1_225' title='bbox 869 3129 1072 3192; x_wconf 80' lang='lat' dir='ltr'><strong>Corinthiacis</strong></span> <span class='ocrx_word' id='word_1_226' title='bbox 1097 3126 1302 3207; x_wconf 72' lang='lat' dir='ltr'><strong>(Kirntdaer)</strong></span> 
     </span>
     <span class='ocr_line' id='line_1_27' title="bbox 204 3236 1303 3329; baseline -0.004 -29"><span class='ocrx_word' id='word_1_227' title='bbox 204 3238 255 3320; x_wconf 82' lang='lat' dir='ltr'><strong>qui</strong></span> <span class='ocrx_word' id='word_1_228' title='bbox 279 3238 523 3305; x_wconf 87' lang='lat' dir='ltr'><strong>Gurentonorum</strong></span> <span class='ocrx_word' id='word_1_229' title='bbox 554 3237 646 3300; x_wconf 88' lang='lat' dir='ltr'><strong>ctiam</strong></span> <span class='ocrx_word' id='word_1_230' title='bbox 677 3236 800 3299; x_wconf 89' lang='lat' dir='ltr'><strong>nornine</strong></span> <span class='ocrx_word' id='word_1_231' title='bbox 829 3239 931 3300; x_wconf 90' lang='lat' dir='ltr'><strong>medio</strong></span> <span class='ocrx_word' id='word_1_232' title='bbox 964 3255 1042 3300; x_wconf 90' lang='lat' dir='ltr'><strong>aevo</strong></span> <span class='ocrx_word' id='word_1_233' title='bbox 1067 3238 1303 3329; x_wconf 81' lang='lat' dir='ltr'><strong>designabantur</strong></span> 
     </span>
     <span class='ocr_line' id='line_1_28' title="bbox 202 3326 1301 3431; baseline -0.006 -19"><span class='ocrx_word' id='word_1_234' title='bbox 202 3349 260 3426; x_wconf 86' lang='lat' dir='ltr'><strong>(ci.</strong></span> <span class='ocrx_word' id='word_1_235' title='bbox 276 3367 303 3410; x_wconf 91' lang='lat' dir='ltr'><strong>e.</strong></span> <span class='ocrx_word' id='word_1_236' title='bbox 319 3367 366 3431; x_wconf 80' lang='lat' dir='ltr'><strong>gr.</strong></span> <span class='ocrx_word' id='word_1_237' title='bbox 379 3326 469 3410; x_wconf 72' lang='lat' dir='ltr'><strong>vitain</strong></span> <span class='ocrx_word' id='word_1_238' title='bbox 493 3347 523 3410; x_wconf 90' lang='lat' dir='ltr'><strong>S.</strong></span> <span class='ocrx_word' id='word_1_239' title='bbox 536 3348 663 3427; x_wconf 85' lang='lat' dir='ltr'><strong>Ruperti</strong></span> <span class='ocrx_word' id='word_1_240' title='bbox 686 3349 717 3410; x_wconf 92' lang='lat' dir='ltr'><strong>in</strong></span> <span class='ocrx_word' id='word_1_241' title='bbox 740 3348 822 3410; x_wconf 84' lang='lat' dir='ltr'><strong>Acti.</strong></span> <span class='ocrx_word' id='word_1_242' title='bbox 838 3348 890 3411; x_wconf 89' lang='lat' dir='ltr'><strong>SS.</strong></span> <span class='ocrx_word' id='word_1_243' title='bbox 904 3349 1077 3411; x_wconf 78' lang='lat' dir='ltr'><strong>Mart-‚tona</strong></span> <span class='ocrx_word' id='word_1_244' title='bbox 1091 3348 1180 3427; x_wconf 79' lang='lat' dir='ltr'><strong>iiip.</strong></span> <span class='ocrx_word' id='word_1_245' title='bbox 1191 3348 1263 3412; x_wconf 82' lang='lat'>705.</span> <span class='ocrx_word' id='word_1_246' title='bbox 1275 3353 1301 3423; x_wconf 76' lang='lat'><strong>§-</strong></span> 
     </span>
     <span class='ocr_line' id='line_1_29' title="bbox 202 3457 918 3540; baseline -0.006 -18"><span class='ocrx_word' id='word_1_247' title='bbox 202 3460 232 3522; x_wconf 87' lang='lat'><strong>3.</strong></span> <span class='ocrx_word' id='word_1_248' title='bbox 247 3459 508 3537; x_wconf 85' lang='lat' dir='ltr'><strong>,Carentanorurn</strong></span> <span class='ocrx_word' id='word_1_249' title='bbox 530 3467 696 3540; x_wconf 59' lang='lat' dir='ltr'><strong>regnum)</strong></span> <span class='ocrx_word' id='word_1_250' title='bbox 719 3457 918 3540; x_wconf 82' lang='lat' dir='ltr'><strong>cogitavisse.</strong></span> 
     </span>
    </p>
   </div>
   <div class='ocr_carea' id='block_1_6' title="bbox 204 3634 1306 4316">
    <p class='ocr_par' dir='ltr' id='par_1_7' title="bbox 204 3634 1306 4316">
     <span class='ocr_line' id='line_1_30' title="bbox 302 3634 1301 3730; baseline -0.011 -14"><span class='ocrx_word' id='word_1_251' title='bbox 302 3665 329 3730; x_wconf 70' lang='lat'><strong>¹³)</strong></span> <span class='ocrx_word' id='word_1_252' title='bbox 349 3662 599 3716; x_wconf 65' lang='lat' dir='ltr'><strong>pronuntiarint.</strong></span> <span class='ocrx_word' id='word_1_253' title='bbox 613 3678 636 3730; x_wconf 91' lang='lat' dir='ltr'><strong>p.</strong></span> <span class='ocrx_word' id='word_1_254' title='bbox 651 3661 862 3730; x_wconf 69' lang='lat' dir='ltr'><strong>coeponqnam</strong></span> <span class='ocrx_word' id='word_1_255' title='bbox 885 3660 1047 3712; x_wconf 72' lang='lat' dir='ltr'><strong>Tarnantone</strong></span> <span class='ocrx_word' id='word_1_256' title='bbox 1066 3664 1138 3729; x_wconf 79' lang='lat' dir='ltr'><strong>(nuni</strong></span> <span class='ocrx_word' id='word_1_257' title='bbox 1157 3659 1196 3711; x_wconf 82' lang='lat' dir='ltr'><strong>ita</strong></span> <span class='ocrx_word' id='word_1_258' title='bbox 1216 3634 1301 3723; x_wconf 61' lang='lat' dir='ltr'><strong>haret)</strong></span> 
     </span>
     <span class='ocr_line' id='line_1_31' title="bbox 204 3755 1303 3828; baseline -0.005 -14"><span class='ocrx_word' id='word_1_259' title='bbox 204 3761 265 3814; x_wconf 87' lang='lat' dir='ltr'><strong>hod.</strong></span> <span class='ocrx_word' id='word_1_260' title='bbox 287 3761 430 3813; x_wconf 75' lang='lat' dir='ltr'><strong>Naumcrirt</strong></span> <span class='ocrx_word' id='word_1_261' title='bbox 448 3776 508 3814; x_wconf 84' lang='lat' dir='ltr'><strong>esse</strong></span> <span class='ocrx_word' id='word_1_262' title='bbox 536 3760 684 3828; x_wconf 79' lang='lat' dir='ltr'><strong>expressit,</strong></span> <span class='ocrx_word' id='word_1_263' title='bbox 711 3757 782 3827; x_wconf 87' lang='lat' dir='ltr'><strong>quod</strong></span> <span class='ocrx_word' id='word_1_264' title='bbox 806 3758 875 3810; x_wconf 84' lang='lat' dir='ltr'><strong>iecit</strong></span> <span class='ocrx_word' id='word_1_265' title='bbox 890 3759 969 3810; x_wconf 88' lang='lat' dir='ltr'><strong>etiarn</strong></span> <span class='ocrx_word' id='word_1_266' title='bbox 988 3759 1015 3808; x_wconf 94' lang='lat' dir='ltr'><strong>in</strong></span> <span class='ocrx_word' id='word_1_267' title='bbox 1035 3757 1088 3808; x_wconf 84' lang='lat' dir='ltr'><strong>tab.</strong></span> <span class='ocrx_word' id='word_1_268' title='bbox 1108 3773 1201 3827; x_wconf 68' lang='lat' dir='ltr'><strong>geogr.</strong></span> <span class='ocrx_word' id='word_1_269' title='bbox 1219 3755 1303 3811; x_wconf 78' lang='lat' dir='ltr'><strong>Norici</strong></span> 
     </span>
     <span class='ocr_line' id='line_1_32' title="bbox 205 3854 1302 3924; baseline -0.005 -13"><span class='ocrx_word' id='word_1_270' title='bbox 205 3860 280 3911; x_wconf 83' lang='lat' dir='ltr'><strong>Rom.</strong></span> <span class='ocrx_word' id='word_1_271' title='bbox 292 3864 364 3909; x_wconf 88' lang='lat' dir='ltr'><strong>torno</strong></span> <span class='ocrx_word' id='word_1_272' title='bbox 376 3857 407 3910; x_wconf 88' lang='lat'><strong>11.</strong></span> <span class='ocrx_word' id='word_1_273' title='bbox 420 3859 538 3921; x_wconf 86' lang='lat' dir='ltr'><strong>adiecta,</strong></span> <span class='ocrx_word' id='word_1_274' title='bbox 559 3857 625 3910; x_wconf 86' lang='lat' dir='ltr'><strong>haec</strong></span> <span class='ocrx_word' id='word_1_275' title='bbox 644 3855 762 3909; x_wconf 86' lang='lat' dir='ltr'><strong>addidit:</strong></span> <span class='ocrx_word' id='word_1_276' title='bbox 790 3854 987 3920; x_wconf 84' lang='lat' dir='ltr'><strong>„Tarnantone,</strong></span> <span class='ocrx_word' id='word_1_277' title='bbox 1008 3855 1055 3906; x_wconf 75' lang='lat' dir='ltr'><strong>dac</strong></span> <span class='ocrx_word' id='word_1_278' title='bbox 1077 3855 1162 3924; x_wconf 76' lang='lat' dir='ltr'><strong>ainipc</strong></span> <span class='ocrx_word' id='word_1_279' title='bbox 1182 3856 1218 3907; x_wconf 78' lang='lat' dir='ltr'><strong>ina</strong></span> <span class='ocrx_word' id='word_1_280' title='bbox 1237 3855 1302 3907; x_wconf 74' lang='lat' dir='ltr'><strong>ineat.</strong></span> 
     </span>
     <span class='ocr_line' id='line_1_33' title="bbox 204 3950 1303 4021; baseline -0.004 -12"><span class='ocrx_word' id='word_1_281' title='bbox 204 3957 409 4019; x_wconf 83' lang='lat' dir='ltr'><strong>Weisscnstein,</strong></span> <span class='ocrx_word' id='word_1_282' title='bbox 430 3957 527 4007; x_wconf 82' lang='lat' dir='ltr'><strong>andere</strong></span> <span class='ocrx_word' id='word_1_283' title='bbox 546 3957 575 4006; x_wconf 80' lang='lat' dir='ltr'><strong>in</strong></span> <span class='ocrx_word' id='word_1_284' title='bbox 593 3954 741 4008; x_wconf 86' lang='lat' dir='ltr'><strong>Gmundten</strong></span> <span class='ocrx_word' id='word_1_285' title='bbox 762 3969 802 4005; x_wconf 77' lang='lat' dir='ltr'><strong>ani</strong></span> <span class='ocrx_word' id='word_1_286' title='bbox 817 3951 1025 4005; x_wconf 87' lang='lat' dir='ltr'><strong>Grnundtnersee</strong></span> <span class='ocrx_word' id='word_1_287' title='bbox 1041 3950 1202 4021; x_wconf 80' lang='lat' dir='ltr'><strong>(Traunaee)</strong></span> <span class='ocrx_word' id='word_1_288' title='bbox 1219 3953 1303 4019; x_wconf 72' lang='lat' dir='ltr'><strong>finden</strong></span> 
     </span>
     <span class='ocr_line' id='line_1_34' title="bbox 204 4048 1306 4118; baseline -0.007 -12"><span class='ocrx_word' id='word_1_289' title='bbox 204 4050 307 4115; x_wconf 77' lang='lat' dir='ltr'><strong>aeolica,</strong></span> <span class='ocrx_word' id='word_1_290' title='bbox 328 4051 413 4118; x_wconf 72' lang='lat' dir='ltr'><strong>ditetis</strong></span> <span class='ocrx_word' id='word_1_291' title='bbox 432 4051 562 4102; x_wconf 78' lang='lat' dir='ltr'><strong>viaticicirt</strong></span> <span class='ocrx_word' id='word_1_292' title='bbox 580 4051 665 4103; x_wconf 74' lang='lat' dir='ltr'><strong>dener</strong></span> <span class='ocrx_word' id='word_1_293' title='bbox 685 4051 755 4102; x_wconf 79' lang='lat' dir='ltr'><strong>need</strong></span> <span class='ocrx_word' id='word_1_294' title='bbox 774 4048 912 4101; x_wconf 82' lang='lat' dir='ltr'><strong>Henndori</strong></span> <span class='ocrx_word' id='word_1_295' title='bbox 927 4058 1034 4102; x_wconf 71' lang='lat' dir='ltr'><strong>conectat</strong></span> <span class='ocrx_word' id='word_1_296' title='bbox 1051 4049 1172 4114; x_wconf 76' lang='lat' dir='ltr'><strong>werden,</strong></span> <span class='ocrx_word' id='word_1_297' title='bbox 1191 4050 1306 4103; x_wconf 69' lang='lat' dir='ltr'><strong>concidit</strong></span> 
     </span>
     <span class='ocr_line' id='line_1_35' title="bbox 207 4134 1304 4216; baseline -0.001 -15"><span class='ocrx_word' id='word_1_298' title='bbox 207 4151 282 4201; x_wconf 72' lang='lat' dir='ltr'><strong>teate</strong></span> <span class='ocrx_word' id='word_1_299' title='bbox 298 4149 366 4200; x_wconf 75' lang='lat' dir='ltr'><strong>noch</strong></span> <span class='ocrx_word' id='word_1_300' title='bbox 383 4149 427 4200; x_wconf 80' lang='lat' dir='ltr'><strong>ein</strong></span> <span class='ocrx_word' id='word_1_301' title='bbox 438 4148 551 4199; x_wconf 83' lang='lat' dir='ltr'><strong>Miliiare</strong></span> <span class='ocrx_word' id='word_1_302' title='bbox 569 4148 712 4200; x_wconf 82' lang='lat' dir='ltr'><strong>Romanum</strong></span> <span class='ocrx_word' id='word_1_303' title='bbox 734 4146 853 4200; x_wconf 67' lang='lat' dir='ltr'><strong>desiciet.</strong></span> <span class='ocrx_word' id='word_1_304' title='bbox 882 4134 1146 4199; x_wconf 65' lang='lat' dir='ltr'><strong>etauctoritatem</strong></span> <span class='ocrx_word' id='word_1_305' title='bbox 1160 4147 1304 4216; x_wconf 61' lang='lat' dir='ltr'><strong>depectendi</strong></span> 
     </span>
     <span class='ocr_line' id='line_1_36' title="bbox 209 4244 1304 4316; baseline -0.005 -16"><span class='ocrx_word' id='word_1_306' title='bbox 209 4248 294 4300; x_wconf 75' lang='lat' dir='ltr'><strong>diener</strong></span> <span class='ocrx_word' id='word_1_307' title='bbox 313 4245 484 4299; x_wconf 76' lang='lat' dir='ltr'><strong>Meiienedote</strong></span> <span class='ocrx_word' id='word_1_308' title='bbox 505 4246 561 4298; x_wconf 80' lang='lat' dir='ltr'><strong>dem</strong></span> <span class='ocrx_word' id='word_1_309' title='bbox 580 4246 725 4315; x_wconf 71' lang='lat' dir='ltr'><strong>insperatos·</strong></span> <span class='ocrx_word' id='word_1_310' title='bbox 742 4246 881 4316; x_wconf 75' lang='lat' dir='ltr'><strong>Septimius</strong></span> <span class='ocrx_word' id='word_1_311' title='bbox 898 4246 1009 4297; x_wconf 78' lang='lat' dir='ltr'><strong>Severus</strong></span> <span class='ocrx_word' id='word_1_312' title='bbox 1023 4244 1141 4314; x_wconf 66' lang='lat' dir='ltr'><strong>ponciis,</strong></span> <span class='ocrx_word' id='word_1_313' title='bbox 1159 4264 1180 4297; x_wconf 76' lang='lat' dir='ltr'><strong>a.</strong></span> <span class='ocrx_word' id='word_1_314' title='bbox 1200 4247 1228 4296; x_wconf 82' lang='lat' dir='ltr'><strong>ia</strong></span> <span class='ocrx_word' id='word_1_315' title='bbox 1247 4246 1304 4297; x_wconf 81' lang='lat' dir='ltr'><strong>Vir-</strong></span> 
     </span>
    </p>
   </div>
   <div class='ocr_carea' id='block_1_7' title="bbox 138 4342 776 4414">
    <p class='ocr_par' dir='ltr' id='par_1_8' title="bbox 138 4342 776 4414">
     <span class='ocr_line' id='line_1_37' title="bbox 138 4342 776 4414; baseline 0 -18"><span class='ocrx_word' id='word_1_316' title='bbox 138 4347 142 4404; x_wconf 83' lang='grc' dir='ltr'>Ι</span> <span class='ocrx_word' id='word_1_317' title='bbox 208 4343 307 4397; x_wconf 71' lang='lat' dir='ltr'><strong>thuim</strong></span> <span class='ocrx_word' id='word_1_318' title='bbox 321 4345 417 4398; x_wconf 72' lang='lat' dir='ltr'><strong>dicim</strong></span> <span class='ocrx_word' id='word_1_319' title='bbox 435 4343 518 4395; x_wconf 69' lang='lat' dir='ltr'><strong>dorcic</strong></span> <span class='ocrx_word' id='word_1_320' title='bbox 535 4342 663 4414; x_wconf 66' lang='lat' dir='ltr'><strong>thdurp</strong></span> <span class='ocrx_word' id='word_1_321' title='bbox 682 4343 776 4412; x_wconf 62' lang='lat' dir='ltr'><strong>p-fiid‘</strong></span> 
     </span>
    </p>
   </div>
   <div class='ocr_carea' id='block_1_8' title="bbox 0 0 1469 4914">
    <p class='ocr_par' dir='ltr' id='par_1_9' title="bbox 0 0 1469 4914">
     <span class='ocr_line' id='line_1_38' title="bbox 0 0 1469 4914; baseline 0 0"><span class='ocrx_word' id='word_1_322' title='bbox 0 0 1469 4914; x_wconf 95' lang='lat' dir='ltr'><strong> </strong></span> 
     </span>
    </p>
   </div>
  </div>
 </body>
</html>
