2918 4914
95 268 1254 315 m
1337 294 1340 303 .

151 462 159 477 ·
224 437 350 488 censu.
374 437 415 485 so
431 410 1095 508 rso.119*.tt.23.sqqmsosnrrmrrs.
1126 409 1240 483 1083*

138 638 273 714 Suevos,
297 635 450 700 Sarmatas
470 633 645 698 Taifalosve
668 633 824 696 exstitisse
845 633 913 696 veri
935 632 1121 696 simillimum
1144 636 1191 694 est
1205 634 1241 693 ¹².

139 763 176 808 ac
202 743 366 807 Gentilium
390 742 526 805 militiam
551 743 730 806 inferiorem
752 760 842 824 quem
865 744 1035 820 Laetorum,
1061 746 1136 803 utut
1162 738 1242 803 iuter

138 873 174 917 se
195 871 291 935 propo
310 872 400 933 pares
424 853 555 932 luerunt,
579 853 713 916 babit-am
735 872 806 917 esse
829 853 878 916 vol
900 872 939 916 ex
964 849 1105 934 eoquod
1128 849 1171 913 illi
1193 848 1245 911 ul-

138 964 244 1026 timum
266 963 379 1043 ubique
405 962 505 1025 locum
529 963 678 1043 optinent,
702 963 903 1045 Sarmateque
926 964 1015 1026 etium
1039 964 1070 1026 L.
1086 959 1242 1025 tutuo.

142 1074 180 1136 de
201 1074 357 1137 veteranis
379 1072 441 1137 vtl.
459 1074 509 1137 20.
530 1080 599 1154 post
620 1075 733 1137 Laetum
756 1073 1019 1154 Alemannumque
1050 1076 1242 1149 recensetur,

141 1183 349 1267 colligendum
367 1202 438 1247 esse
460 1183 590 1246 videtur.
615 1184 697 1247 unde
720 1202 784 1247 non
805 1185 920 1247 liberos
943 1182 998 1245 sed
1020 1181 1162 1245 devictos
1186 1180 1246 1243 do·

143 1295 285 1375 ditesque
308 1294 476 1372 summotus,
498 1311 617 1372 servos,
643 1312 751 1357 corum
774 1293 956 1372 Gentilium,
983 1292 1150 1373 dequibus
1174 1289 1258 1381 egi--

141 1423 218 1483 mus,
242 1422 400 1467 numerum
423 1403 461 1466 eb
484 1404 571 1466 initio
588 1403 731 1467 effecisse
752 1404 916 1485 putendum
931 1409 993 1466 ost:
1016 1421 1056 1465 ne
1070 1419 1147 1465 vero
1163 1397 1246 1463 domi

141 1531 250 1579 servos
272 1512 454 1596 Scytharum
476 1514 567 1594 plene
587 1514 725 1577 eiusdem
748 1513 942 1577 condicionis
965 1519 1057 1592 etque
1073 1512 1249 1574 Germano-

141 1643 207 1687 rum
230 1642 341 1688 servos
362 1624 459 1687 luisse
481 1624 652 1705 opinemur,
676 1601 879 1703 repetendum
902 1621 1023 1684 videtur
1042 1620 1125 1702 quod
1145 1620 1251 1683 llero·

143 1733 233 1796 dotus
257 1734 307 1797 tv,
321 1735 423 1798 72.de
445 1752 553 1817 regum
576 1733 676 1797 servis
698 1732 833 1796 rettulit:
857 1728 885 1794 οἱ
912 1733 946 1793 ds'
968 1733 1032 1794 εἰσι
1055 1726 1184 1792 Σκύθαι
1200 1728 1251 1808 e‘y-

141 1845 263 1925 γενέες·
288 1834 378 1910 οὗτοι
395 1840 455 1925 γάρ
482 1841 520 1925 δὴ
545 1840 763 1926 θεραπεύουσι
784 1840 856 1916 rode
878 1833 917 1903 dv
933 1837 1033 1914 αὐτὸς
1055 1838 1071 1902 ὁ
1095 1834 1251 1919 βασιλεύς

142 1948 291 2039 κελεύσῃ,
316 1952 536 2036 ἀργυρώνητοι
557 1953 592 2015 δὲ
613 1945 669 2014 οὔκ
695 1950 761 2015 et'et'
781 1975 847 2036 σφι,
864 1950 1065 2032 θεράποντες.
1109 1948 1193 2010 unde
1217 1943 1251 2039 ltl

143 2079 265 2145 (uroque
286 2062 368 2145 quod
391 2062 430 2125 dc
451 2062 558 2125 liberis
581 2062 728 2127 Sarmatis
752 2078 920 2141 eorumque
949 2060 1067 2138 servis,
1090 2059 1251 2139 Limigan-

144 2172 242 2252 tibus‚
266 2172 347 2254 apud
367 2172 560 2235 Ammianum
584 2172 864 2253 llierorrymumque
889 2171 1017 2234 relatum
1044 2175 1109 2248 est,
1134 2166 1250 2229 rectius

144 2449 301 2517 Scytharum
320 2450 454 2520 regiorum
466 2466 497 2501 ac
516 2449 658 2502 liberorum
678 2448 823 2513 distinctio,
843 2463 893 2500 nec
904 2448 1017 2514 Appiani
1034 2447 1062 2499 B.
1077 2446 1163 2499 blithr.
1174 2444 1251 2498 eoo.

141 2549 346 2619 Σαυροματῶν
367 2543 394 2601 δι
417 2565 446 2601 τε
468 2549 610 2601 Βασίλειοι
628 2550 675 2599 καὶ
693 2544 822 2616 Ίάζυγες.
852 2559 904 2594 non
926 2543 1045 2595 diversos
1069 2542 1188 2595 eiusdem
1209 2541 1252 2593 ci.

144 2642 236 2693 vitatis
256 2641 390 2693 bominum
412 2648 494 2693 stetus
514 2642 555 2693 bis
577 2641 764 2709 partitionibus
786 2640 908 2692 omnibus
927 2640 1071 2709 siguiliceri
1094 2638 1180 2706 palem
1201 2644 1251 2690 est.

145 2736 187 2791 (ll.
199 2737 336 2790 Niebuhrii
354 2737 451 2790 Kleinc
469 2738 528 2790 bist.
537 2738 672 2808 Schriften
692 2738 711 2790 l.
724 2738 819 2805 mooe.
857 2737 949 2806 Neque
969 2737 1191 2804 proetereundum
1212 2740 1254 2787 est

144 2837 308 2904 argumentis
328 2834 397 2887 houd
417 2837 618 2888 contemnendis
635 2837 783 2903 Geuppium
802 2834 872 2905 (Dos
890 2835 942 2886 alte
962 2837 1053 2887 Gesetz
1073 2834 1119 2886 der
1129 2833 1252 2900 Tltstrs'ng.

144 2949 171 3001 p.
186 2933 245 2986 llo.
255 2937 327 3002 sqq.)
337 2933 371 2983 de
393 2933 515 2986 Suevicis
534 2933 641 3001 populis
663 2935 690 2984 in
713 2934 866 2984 uuiversum
887 2931 983 2984 docere
1004 2948 1050 2984 eos
1069 2930 1253 2983 intermediam

145 3031 215 3082 iuter
232 3029 333 3081 liberos
352 3044 498 3098 servosque
517 3045 569 3082 non
589 3031 733 3101 agnovisse
756 3030 950 3095 condicionem,
970 3029 1162 3097 speculumque
1182 3029 1254 3081 Sue-

145 3125 233 3178 vicum
254 3125 281 3177 iu
301 3126 422 3178 omuibus
442 3127 475 3177 iis
503 3125 569 3178 locis
596 3128 640 3195 qui
665 3127 770 3194 speculi
791 3126 914 3177 Suxouiei
937 3125 1003 3177 loeis
1023 3125 1151 3176 laetorum
1175 3140 1254 3177 merr-

146 3223 247 3275 tiouem
267 3222 438 3275 inicientibus
458 3221 627 3290 respondent,
648 3221 726 3281 buius
743 3222 908 3275 condicionis
921 3223 1083 3275 mentionem
1100 3220 1252 3274 sustulisse.

146 3318 298 3388 Scytbicum
319 3319 492 3372 Suevicorum
512 3334 612 3370 morum
631 3320 749 3372 indolem
768 3328 794 3373 et
813 3321 839 3370 in
860 3320 955 3371 haere
975 3321 1172 3389 agnoscendam
1193 3334 1254 3372 esse

146 3424 245 3487 putem.
285 3416 360 3481 Quod
378 3425 470 3468 contra
495 3416 606 3484 Gsuppii
632 3420 791 3469 sententium
812 3415 959 3469 Bluntsclrli
980 3416 1253 3486 (Zrtreb.Staots-st.

146 3513 296 3582 Reebtsgl
307 3512 398 3586 aaa.)
407 3516 517 3580 monuit,
539 3515 608 3582 apud
629 3516 731 3567 Suevos
748 3530 854 3584 quoque
874 3514 936 3566 litos
949 3513 1012 3565 olim
1025 3514 1119 3578 luisse,
1133 3515 1180 3566 sed
1196 3513 1255 3565 lor-

147 3619 217 3662 tesse
238 3625 296 3663 cem
316 3612 500 3664 condicionem
520 3611 589 3677 apud
609 3626 656 3663 eos
673 3612 745 3677 prius
764 3627 841 3680 quam
861 3610 929 3679 apud
949 3610 1017 3662 alios
1028 3610 1171 3663 Germanos
1185 3610 1254 3661 abo-

147 3706 256 3770 levisse,
279 3715 307 3758 ut
325 3709 384 3759 siue
403 3710 567 3778 argumentis
587 3708 716 3776 prelatum
737 3717 787 3773 est,
807 3712 844 3760 ita
858 3716 949 3760 contra
968 3709 1097 3761 historiae
1116 3709 1191 3778 leges
1211 3707 1255 3759 di-

147 3810 218 3855 ctum
234 3818 294 3854 esse
316 3802 426 3855 videtur.

250 3903 284 3968 ¹²)
304 3899 377 3952 luter
401 3900 500 3952 liberos
520 3901 650 3953 Sarmatas
673 3917 704 3953 ac
730 3917 822 3954 servos
847 3902 937 3954 multis
966 3901 1033 3955 locis
1059 3904 1156 3971 passim
1185 3902 1257 3954 iufra
1296 3888 1299 3897 ¹

147 3996 274 4047 exhibitis
294 3995 460 4064 distinguunt
480 4004 585 4049 veteres
605 4000 758 4065 scriptores,
777 4000 1190 4064 merirneAnrmieu.llVll.13.‚
1210 3999 1256 4051 ubi

147 4108 206 4146 com
226 4092 318 4145 liberis
338 4094 463 4146 Sarmatis
483 4096 617 4191 compi
629 4095 724 4147 'salluii
747 4096 854 4164 illisque
873 4096 1025 4149 adiumento
1039 4097 1157 4149 ferentes
1171 4095 1257 4161 Quadi

146 4196 290 4242 ocmrruot
308 4189 453 4257 liberisque
468 4190 631 4260 Limigantes
642 4192 776 4244 Sarmatae
794 4194 864 4243 servi
883 4201 1063 4260 opponuntur,
1082 4201 1109 4246 et
1126 4192 1258 4259 XXIX.6,

150 4286 349 4351 ro.„smmtm
377 4285 477 4339 liberos
498 4286 529 4337 ed
555 4288 742 4340 discretionem
762 4304 898 4341 servorum
927 4290 1069 4343 rebellium
1093 4289 1258 4358 adpellatos“
1372 4340 1380 4355 ,

147 4382 241 4443 relect.
260 4382 295 4437 cl.
306 4383 384 4436 etism
394 4384 527 4450 Aeonum.
536 4383 625 4439 Voles.
640 4389 668 4453 s.
677 4385 722 4440 32.

105 4528 109 4535 -
1004 4489 1270 4600 ⁶¹„.„„.
