2918 4914
251 381 342 455 890*
362 403 528 453 trinomen
543 404 619 451 nor.
632 401 938 451 coaeteruum.
950 402 1016 451 arx
1028 402 1277 453 aurtnnrmrn.

250 604 358 663 τεκαὶ
375 600 512 682 χώματα
533 604 589 683 τῆς
605 599 772 681 Ῥωμαίων
795 601 918 682 ἀρχῆς,
947 599 1108 681 συμβολαὶ
1132 596 1188 663 καί
1215 600 1353 680 ἀκροβο-

251 711 360 789 λισμοὶ
381 707 531 783 πολλάκις
561 713 713 791 ἐγίνοντο,
746 710 865 795 τροπαί
895 734 929 773 τε
959 712 1020 774 τῶν
1050 706 1234 790 βαρβάρων.
1270 702 1354 773 cillo

250 825 314 892 τοῖς
343 820 403 898 μὲν
433 817 529 906 ῥᾳδία
561 812 600 901 ἤν
632 814 775 903 ἦφογὴ,
797 823 852 881 καί
873 817 1082 883 διελάνθανον
1106 815 1141 881 ἔν
1163 840 1196 884 τε
1219 818 1355 898 δρυμοῖς

251 926 305 992 καὶ
330 926 435 1008 ἕλεσι,
460 931 515 993 καί
535 930 573 1013 τῇ
595 933 657 993 τῶν
678 933 808 1010 χωρίων
835 931 966 1011 γνώσει.
982 936 1009 996 .=“
1049 929 1096 992 De
1125 926 1354 992 recentioribus

251 1039 439 1119 temporibus
464 1040 565 1121 agitur
585 1040 664 1119 apud
687 1039 798 1103 Zosim.
817 1041 853 1103 ll.
871 1039 935 1118 34„
958 1057 1047 1121 quem
1076 1039 1177 1103 locum
1209 1056 1302 1119 supra
1323 1054 1354 1118 p.

251 1148 338 1212 513&
353 1149 570 1229 repetivimus,
593 1149 645 1211 ulti
669 1149 899 1212 Constantinum
920 1151 959 1213 Μ.
982 1150 1206 1231 praesidiorum
1232 1167 1249 1210 a
1271 1147 1354 1209 Dio-

252 1257 385 1320 cletiano
409 1259 646 1321 instauraturum
670 1259 869 1321 munitionem
892 1257 1067 1322 abolevisse
1084 1257 1291 1337 militibusque
1316 1254 1355 1319 de

250 1366 396 1430 limitibus
419 1368 568 1431 submotis
581 1370 735 1432 Romanas
751 1369 928 1450 provincias
944 1367 1084 1431 barbaris
1103 1368 1262 1449 aperuisse
1277 1383 1356 1448 que·

252 1478 339 1555 ritur,
362 1483 393 1540 et
417 1476 496 1559 apud
518 1478 846 1542 Ammianllarcellin.
859 1478 1127 1558 XXVlll.3,l.sq.
1142 1479 1227 1557 7.sq.
1244 1476 1302 1552 (ad
1323 1494 1353 1539 a.

251 1585 360 1661 369.):
374 1587 587 1670 „Theodosius
611 1588 791 1665 [Theodosii
805 1589 826 1651 l.
843 1590 914 1669 imp.
930 1592 1028 1670 pater]
1045 1606 1120 1651 vero
1144 1587 1206 1651 dux
1218 1585 1355 1650 nominis

252 1696 350 1759 incliti
372 1698 474 1761 animo
497 1699 608 1781 vigore
631 1699 763 1762 collecto
788 1701 825 1762 ab
844 1701 983 1781 Augusta
1000 1699 1167 1779 proiectus,
1191 1716 1281 1778 quam
1297 1711 1356 1759 re·
1456 1684 1458 1745 !

252 1811 335 1872 teres
360 1808 554 1889 appellavere
576 1809 775 1888 Luridinium,
799 1828 866 1873 cum
889 1809 983 1873 milite
1006 1788 1154 1872 industria
1176 1812 1355 1888 comparato
1456 1892 1458 1901 Ι

253 1915 372 1981 sollerti
394 1919 492 1983 versis
524 1919 713 2000 turbatisque
740 1919 955 1983 Britannorum
978 1920 1109 1983 fortunis
1132 1936 1221 1998 opem
1253 1916 1356 1980 maxi-
1456 1922 1458 1927 '

252 2046 331 2090 mam
354 2029 439 2109 tulit,
468 2036 639 2111 opportuna
664 2028 777 2110 ubique
806 2030 845 2095 ad
865 2030 1072 2093 insidiandum
1096 2028 1235 2092 barbaris
1260 2044 1357 2108 pree·

252 2138 381 2203 veniens
402 2139 482 2219 loca,
506 2140 581 2203 nihil
605 2141 761 2223 gregariis
781 2141 945 2221 imperans,
967 2142 1053 2204 cuius
1075 2158 1138 2203 non
1162 2139 1229 2220 ipse
1247 2136 1358 2218 primi·
1454 2150 1458 2165 ·

252 2248 310 2312 tias
335 2249 430 2314 alacri
461 2258 638 2330 capesseret
664 2257 775 2313 mente.
826 2250 954 2331 Hocque
984 2268 1103 2333 genere
1136 2267 1204 2312 cum
1237 2246 1356 2312 strenui

252 2359 356 2422 militis
380 2361 481 2422 munia
511 2367 541 2425 et
571 2361 724 2442 praeclari
749 2362 836 2424 ducis
859 2379 949 2423 curas
979 2361 1132 2442 expleret,
1155 2359 1232 2423 susis
1255 2359 1353 2423 uariis

254 2469 397 2552 gentibus
419 2464 449 2532 ei
471 2469 604 2550 iugatis,
629 2488 704 2550 quas
731 2470 897 2535 insolentia
924 2471 1077 2534 nutriente
1104 2470 1270 2532 securitate
1294 2486 1355 2551 ag·-

253 2577 343 2661 gredi
367 2579 521 2642 Romanas
545 2596 596 2640 res
620 2579 836 2658 inflammabat,
861 2579 892 2641 in
911 2580 1062 2662 integrum
1085 2579 1218 2642 restituit
1242 2578 1357 2643 civita-

254 2693 301 2751 tes
329 2693 360 2751 et
386 2694 489 2752 castra
516 2688 734 2768 multiplicibus
765 2689 887 2770 quidem
920 2690 1038 2752 damnis
1069 2689 1199 2769 afflicta,
1227 2689 1285 2753 sed
1316 2687 1371 2777 ad·

254 2797 386 2878 quietem
408 2799 554 2879 temporis
576 2799 662 2881 longi
684 2800 820 2862 fundata.
904 2800 984 2862 ilinc
1004 2800 1044 2863 ad
1067 2800 1254 2882 corrigentia
1270 2798 1357 2881 plura

255 2924 424 3003 conversus
447 2915 477 2971 et
505 2910 683 2973 necessaria
711 2908 848 2990 periculo
878 2912 999 2992 penitus
1022 2911 1143 2991 dempto
1172 2910 1269 2992 [quod
1292 2910 1358 2973 Va·

255 3018 387 3083 lentinus
408 3021 438 3083 ei
462 3027 624 3101 movernt1,
651 3040 721 3083 cum
743 3027 848 3102 aperte
871 3027 1030 3085 constaret
1052 3021 1134 3083 nulla
1157 3021 1224 3085 eius
1248 3026 1358 3102 coepta

253 3130 419 3212 propitiam
444 3130 619 3195 deseruisse
643 3133 812 3210 fortunam,
843 3133 1032 3195 instaurabat
1051 3132 1145 3195 urltes
1173 3136 1205 3194 et
1236 3130 1359 3211 praesi-

257 3240 366 3321 diaria,
388 3248 421 3303 ut
439 3241 581 3322 diximus,
602 3248 704 3305 castra
728 3242 900 3322 limitesque
916 3243 1030 3325 vigiliis
1053 3242 1194 3305 tuebatur
1215 3247 1245 3304 et
1264 3258 1359 3322 prae-

254 3352 919 3434 tenteris,recuperatamqueprovinciam,
946 3352 1077 3433 quaein
1102 3352 1258 3415 dicionem
1281 3368 1360 3415 con·

256 3469 395 3526 cesserat
415 3464 557 3542 hostium,
581 3464 622 3527 ita
647 3463 825 3526 reddiderat
846 3464 937 3526 statui
955 3462 1097 3543 pristino,
1114 3467 1147 3524 ut
1168 3461 1279 3526 eodem
1303 3479 1359 3525 rc-

257 3572 376 3636 ierente
391 3574 420 3651 [i
426 3580 587 3655 reparante
595 3574 624 3653 i]
638 3580 670 3636 et
684 3579 837 3637 rectorem
854 3572 983 3636 haberet
995 3573 1164 3654 legitimum
1179 3570 1359 3635 etValcutia

262 3682 375 3745 deinde
407 3689 574 3746 vocaretur
603 3684 729 3746 arbitrio
750 3683 897 3764 principis
923 3683 1007 3745 velut
1028 3683 1167 3761 ovantis,
1190 3706 1359 3736 ·········

257 3792 399 3857 Arcanos
411 3793 431 3832 ⁹*
445 3811 543 3874 genus
558 3793 712 3857 hominum
727 3812 745 3856 a
758 3794 915 3857 veteribus
937 3794 1116 3874 institutum,
1138 3812 1232 3877 super
1248 3794 1360 3876 quibus

360 4057 388 4123 e)
406 4055 480 4107 Alias
500 4055 623 4107 Arianos.
658 4073 690 4107 an
713 4056 946 4125 Curnpenderios?
974 4060 1090 4111 liitterus
1110 4056 1195 4111 voluit
1220 4058 1361 4128 Asperiu-

258 4171 321 4219 νιος,
346 4156 363 4205 i.
378 4168 402 4203 e.
422 4153 616 4205 Frumentarios
640 4170 661 4205 a.
677 4155 799 4206 cariosos
824 4171 844 4206 s.
860 4157 971 4224 Apentes
989 4158 1018 4207 in
1044 4156 1136 4220 redon
1162 4152 1362 4209 cl.Salmas.atl

262 4253 345 4319 Spart.
358 4249 435 4301 lladr.
445 4251 469 4300 2.
479 4256 506 4299 ct
525 4249 558 4302 de
580 4251 772 4303 l'onseolombo
783 4252 907 4305 liemoire
927 4271 1005 4305 sier..
1020 4271 1072 4306 ,aar
1091 4253 1143 4306 e'dit
1162 4254 1192 4305 da
1204 4252 1362 4309 tttoetedu.

259 4348 340 4403 Paris.
349 4346 425 4400 1829.
437 4346 475 4400 ὃν.
486 4362 511 4414 p.
522 4348 646 4401 iti...ttld.

210 4538 1378 4589 “mm
