2918 4914
106 264 115 311 Ι
223 273 321 279 ,,
398 272 402 277 .
465 272 469 277 .
1170 260 1288 304 -u

416 410 577 482 caraem.
605 428 646 479 m
672 420 761 478 αα.
781 406 993 478 rietur.
1148 398 1240 484 sir*

139 631 165 693 si
196 632 238 694 ita·
262 630 370 707 dicere
394 629 484 709 licet,
502 648 573 693 non
600 629 705 711 ntique
729 647 797 693 eum
831 629 973 694 civilibus
1003 629 1131 695 eosdem
1164 630 1242 693 fines

137 742 294 820 babuisse,
319 758 383 805 non
397 757 460 804 nno
482 740 553 804 loco
570 741 630 804 iam
651 739 783 804 vidimus
798 741 854 818 (cl.
869 742 1035 823 p.483*.);
1055 740 1157 823 itaque
1173 754 1242 804 cum

137 857 207 932 post
228 851 362 914 medium
386 856 525 932 quartum
545 851 701 915 saeculum
722 858 848 934 propter
864 852 1040 915 crebriores
1060 853 1244 934 graviores-

139 978 197 1043 que
219 961 461 1024 Alamannorum
493 960 683 1044 aliorumque
714 963 1010 1026 transrhenanorum
1041 961 1243 1026 barbarorum

142 1072 356 1136 infestationes
377 1075 398 1113 ⁴*
430 1077 553 1154 praeter
585 1072 701 1137 Ducem
734 1089 822 1136 snum
855 1074 915 1136 iam
944 1073 1029 1153 prius
1063 1072 1244 1152 institutum,

139 1187 308 1264 postquam
330 1189 460 1264 utraque
482 1182 646 1247 Germania
668 1198 760 1246 unum
783 1184 930 1264 primum,
954 1180 1068 1246 deinde
1090 1183 1168 1246 duos
1197 1181 1245 1246 rei

140 1292 281 1357 militaris
301 1293 436 1357 Comites
459 1300 624 1376 acceperat
645 1295 704 1371 (ci.
717 1312 809 1376 snpra
822 1294 1050 1376 p.591*sqq.]‚
1073 1294 1164 1357 etiam
1182 1293 1246 1357 Co-

142 1422 207 1467 mes
229 1404 505 1487 Argentoratensis
525 1403 657 1486 anmre
683 1405 948 1488 mogontiacensis
971 1404 1157 1469 Germaniae
1178 1402 1248 1467 Pri·
1352 1442 1355 1447 -

141 1530 210 1576 mae
231 1518 439 1595 apponeretur
459 1514 620 1596 (etsupra
635 1534 663 1595 p.
675 1513 871 1596 589*.sqq.)‚
895 1513 1063 1596 liquidem
1086 1514 1166 1578 intra
1186 1530 1248 1577 no-

140 1641 196 1685 ras
219 1640 292 1687 suas
308 1623 401 1686 sedes
423 1641 475 1686 res
497 1624 644 1688 militares
664 1622 816 1707 regebant
838 1622 1082 1705 invadentesque
1096 1622 1249 1687 barbaros

141 1731 340 1814 disparantes,
353 1732 382 1795 si
397 1732 445 1795 dis
453 1732 566 1814 placet,
579 1733 770 1815 repellebant
786 1751 825 1797 ac
842 1732 1109 1815 prosequebantur
1127 1732 1160 1795 in
1171 1732 1251 1795 Ala-

142 1842 296 1905 manniam
318 1841 575 1924 Germaniamque
599 1860 760 1926 magnam;
780 1841 860 1905 Dnci
880 1860 957 1905 vero
975 1841 1160 1906 Germaniae
1180 1840 1251 1904 Pri-

141 1969 210 2014 mae
231 1952 402 2014 iniunetnm
425 1952 492 2032 init,
517 1970 534 2015 a
558 1957 659 2035 tergo,
683 1972 723 2016 ex
743 1950 855 2014 linibus
874 1949 1021 2034 Belgicae
1035 1950 1155 2014 Primae
1170 1950 1252 2012 Ger-

142 2054 327 2143 maniaeque
348 2062 529 2142 Secundae,
557 2067 588 2125 et
608 2065 792 2125 succurrere
823 2061 988 2142 praesidiis
1011 2059 1188 2141 ripensibus
1218 2060 1249 2121 et

145 2172 244 2253 ipsum
273 2187 341 2235 curn
365 2171 430 2235 suis
452 2172 549 2253 ripam
579 2171 678 2235 libeni
705 2172 801 2251 tueri,
821 2171 874 2234 ubi
897 2188 959 2253 per>
974 2169 1169 2233 invasionum
1192 2183 1252 2230 ne-

147 2437 195 2489 per
214 2438 244 2474 se
263 2421 359 2474 laisum
379 2430 429 2488 est,
449 2428 476 2475 et
494 2422 545 2477 sibi
565 2424 651 2491 ipsum
671 2421 846 2475 contradicit:
877 2420 983 2489 „Omnis
1003 2436 1068 2492 ergo
1089 2437 1132 2474 res
1151 2420 1253 2475 milita-

146 2519 183 2569 ris
203 2518 360 2572 Germaniae
379 2519 481 2573 l’rimaa
504 2536 520 2573 a
550 2520 625 2573 Duce
645 2521 856 2590 llognmiacensi
877 2527 904 2572 et
930 2535 945 2571 a
964 2517 1067 2571 Gemite
1085 2519 1252 2588 Argentora-

149 2617 219 2666 tanai
238 2616 287 2667 sub
307 2615 434 2686 Magistro
452 2615 578 2686 Equitum
597 2616 700 2670 Galliae
719 2623 793 2669 reeta
812 2615 888 2668 laisa.
926 2614 1055 2668 Fallitur:
1075 2622 1103 2669 et
1121 2614 1254 2668 Comitem

149 2711 405 2781 Argentoratensem
425 2720 451 2771 et
470 2712 572 2765 Ducem
594 2713 838 2783 blogontiacanrem
864 2712 913 2765 sub
938 2713 1115 2781 dispositione
1135 2712 1254 2784 Magistri

150 2807 271 2862 Peditum
290 2809 466 2862 l’ra'esanmlis
485 2810 569 2863 inissa
589 2827 622 2862 ex
640 2811 698 2879 ipsa
711 2808 811 2863 Notitia
826 2815 864 2879 (p.
874 2812 932 2863 23&
943 2813 991 2877 lp.
1001 2811 1026 2864 7.
1038 2811 1128 2882 etto.)
1142 2817 1255 2863 constat.

150 2912 230 2974 atque
250 2922 302 2958 non
322 2921 427 2959 omnem
447 2922 501 2959 ram
523 2906 664 2959 militarem
682 2907 731 2959 snb
751 2905 799 2959 illo
824 2905 927 2959 Camila
945 2906 1047 2976 illoque
1066 2907 1141 2961 Duce
1160 2907 1255 2976 inisse,

150 3000 220 3054 idem
242 3002 332 3070 paullo
352 3011 411 3071 post
429 3005 488 3070 ipsa
507 3002 606 3055 adicit:
628 3003 697 3071 „Sed
776 3003 867 3055 endam
887 3002 1026 3056 Germania
1044 3002 1130 3057 Prima
1149 3019 1256 3074 quoqne

151 3095 253 3161 habuit,
272 3101 311 3151 nti
330 3099 452 3164 diximus,
471 3099 589 3165 Ducem,
609 3101 653 3167 qui
673 3114 761 3152 rernm
779 3098 932 3151 militarium
950 3115 1029 3152 causa
1047 3102 1074 3152 ia
1095 3100 1187 3153 eadem
1207 3101 1257 3153 bac

151 3191 218 3246 urba
231 3192 442 3265 mogontiacensi
463 3194 598 3248 sedebam.
636 3192 751 3260 Credant
768 3195 824 3263 alii,
844 3211 897 3248 non
911 3212 972 3267 ego.
993 3203 1111 3249 ceterum
1123 3196 1258 3264 Sclroepl-

153 3289 224 3342 linus
242 3292 271 3344 in
290 3299 390 3344 tantum
412 3292 611 3345 constitutionis
629 3294 668 3345 rai
688 3291 828 3361 publicae,
849 3309 926 3363 qnam
948 3290 1016 3346 baec
1034 3292 1134 3347 Notitia
1153 3294 1258 3348 deseri·
1301 3314 1306 3323 ·

153 3388 203 3459 bit,
223 3389 331 3458 ignarus
351 3388 410 3456 luit,
430 3397 563 3441 alatrum
581 3388 698 3442 Geminas
717 3389 862 3460 nucesque
882 3390 1012 3445 limitanei
1032 3391 1111 3444 etiarn
1132 3398 1258 3463 togatam,

152 3492 183 3537 nt
199 3487 259 3554 ipse
276 3495 365 3553 vocat,
384 3489 452 3540 iaris
464 3488 608 3541 dictionem
629 3488 776 3554 baberent,
795 3498 900 3556 neene,’
918 3492 1037 3543 lacertus
1052 3490 1184 3544 haereret.
1216 3487 1259 3542 Gi.

152 3584 355 3651 snprap.597*.

256 3682 285 3751 ⁴')
305 3681 345 3734 lta
357 3698 381 3734 e.
391 3697 430 3752 gr.
439 3681 538 3735 zosim.
548 3680 592 3734 lll.
606 3680 671 3734 bad
684 3680 815 3735 acauno.
826 3720 849 3751 „.
860 3682 907 3750 ..pi
920 3683 1126 3743 Κανατάντιοτ
1135 3721 1142 3737 ·
1151 3724 1158 3738 .
1167 3720 1174 3736 ·
1184 3683 1260 3739 aad·

152 3793 241 3852 μενος
261 3780 291 3834 δὲ
305 3775 340 3834 τὰ
359 3782 510 3852 πανταχοῦ
524 3778 676 3855 Ῥωμαίοις
702 3776 815 3847 dadano
832 3787 1019 3853 βαρβαρικαῖς
1037 3772 1158 3856 ἐφόδοις
1176 3783 1262 3839 ἄπετ-

156 3878 294 3949 λαμμένα,
314 3881 362 3930 καὶ
381 3878 533 3949 Φράγκους
548 3879 604 3951 μὲν
622 3883 670 3933 καὶ
681 3875 860 3952 :anapaesta
878 3883 925 3933 καὶ
935 3879 1067 3942 §aiteram
1086 3879 1136 3947 ἤδη
1155 3895 1263 3934 τεσσα-

156 3972 283 4044 ράκοντα
307 3973 403 4033 πόλεις
424 3977 608 4048 [cassandrae
630 3980 668 4047 spi
682 3975 769 4049 Ῥήνῳ
794 3976 1012 4049 κατειληφότας,
1032 3983 1079 4032 καὶ
1100 3972 1189 4035 αὐτας
1205 3979 1262 4047 μὲν

157 4069 335 4131 ἀναστάτους
360 4072 568 4137 πεποιηκότας,
595 4064 662 4130 τοὺς
683 4072 714 4128 dl
735 4070 843 4128 τούτων
863 4073 1014 4145 οἰκήτορας
1033 4072 1155 4148 ἄπειρον
1179 4075 1263 4135 ὄντας

156 4164 265 4236 πλῆθος
282 4170 472 4241 ληϊσαμίνοατ
489 4164 560 4243 μετὰ
579 4168 702 4226 πλούτου
720 4172 858 4245 λαφύρων
877 4171 1093 4248 ἀναρτθμῆτου,
1111 4170 1263 4253 Κουάδους

99 4258 100 4277 ’
158 4266 189 4321 δὲ
210 4272 258 4321 καὶ
277 4269 469 4342 Σαυρομάτας
495 4274 542 4325 (nl
560 4260 663 4338 πολλῆς
682 4268 780 4332 ἀδείας
797 4276 948 4328 Παιονίαν
967 4277 1192 4345 κατατρέχοντας
1215 4270 1266 4322 2⁶1

99 4431 100 4434 Ἴ
157 4358 208 4432 τὴν
229 4363 363 4440 ἀνωτέρω
383 4372 502 4425 Μυσίαν
521 4386 545 4422 κ.
554 4372 606 4433 αλ.
