2918 4914
111 281 1344 337 manne

111 386 113 399 Ι
368 447 709 497 casamassancia
731 425 1069 501 ems123*...128*.
1156 419 1269 497 nup*
1320 340 1343 408 ι

164 653 251 711 taxat
272 648 321 710 bis
344 647 454 711 finibus
473 645 654 727 praestabis,
678 662 755 726 quos
776 652 848 710 ante
869 647 1066 727 praescripsi
1094 664 1170 728 quos
1191 664 1268 711 vero

166 762 220 821 ut
244 775 285 820 ex
306 757 488 820 domesticis
515 756 778 819 coniunctioribus
802 758 862 833 [cic
884 755 1268 838 P.,ct.convicuoniuus1

164 873 220 931 sut
240 884 281 930 ex
299 867 490 931 necessariis
512 866 736 947 apparitoribus
758 872 857 931 tecum
871 884 945 931 csse
957 866 1095 945 solidati,
1110 868 1161 947 qui
1181 866 1268 947 quasi

170 995 210 1040 ex
228 976 365 1040 cohorte
395 976 551 1058 praetoria
580 976 633 1052 [ot.
652 977 819 1057 prsetoris]
844 976 991 1058 appellari
1012 976 1134 1056 solent,
1156 978 1268 1041 borum

164 1086 335 1150 serrendo
352 1087 445 1165 facts,
471 1086 630 1150 sedetiam
645 1084 729 1150 dicta
745 1085 847 1150 omnia
859 1086 1045 1166 praestanda
1062 1087 1151 1151 aubis
1164 1089 1266 1149 sunt“.

163 1198 317 1279 'tempore
348 1197 553 1277 posteriorum
578 1197 748 1277 principun
778 1202 809 1261 ct
829 1197 963 1261 Notitiae
986 1196 1062 1260 baec
1085 1196 1176 1259 aliam
1200 1197 1269 1259 ior-

162 1324 244 1370 anam
270 1306 450 1384 habuerunt,
474 1311 507 1367 ut
528 1305 608 1369 inira
630 1304 759 1369 dicetur.
863 1306 984 1387 [Longe
1006 1305 1099 1369 iatius
1121 1324 1212 1385 quarn
1235 1304 1268 1367 in

165 1431 234 1497 sqq.
247 1415 425 1479 Panciroias
449 1414 623 1496 descripsit,
645 1413 822 1478 Praecidam
838 1414 975 1478 officium
998 1415 1095 1477 fuisse
1118 1413 1168 1479 uel
1181 1415 1213 1476 bi
1229 1430 1269 1476 ex

164 1526 235 1610 big.
246 1526 287 1589 de
305 1524 358 1588 od.
370 1542 473 1607 praes.
485 1525 508 1587 1.
521 1525 571 1589 18.
584 1524 735 1604 desumpti
756 1524 819 1587 loci
842 1524 1103 1604 ostendunt:,Ex
1127 1524 1268 1588 omuibus
1343 1541 1346 1545 ·

163 1636 297 1715 oensem,
322 1636 361 1699 de
381 1634 491 1717 quibus
505 1635 555 1699 rel
575 1633 722 1697 eminet
731 1633 774 1697 Pi.
784 1634 813 1696 P.
825 1634 957 1715 itemque
969 1634 1119 1698 Consules
1132 1634 1269 1697 oti’rae·

164 1752 250 1812 tores
269 1746 428 1827 ceterique
441 1747 557 1810 Romae
578 1750 785 1829 cognoscunt,
810 1745 1028 1809 correctorum
1042 1750 1075 1807 ct
1090 1744 1267 1807 Praesidum

164 1856 394 1938 monaciscum
415 1861 464 1919 est
482 1856 597 1918 noum.
621 1855 750 1936 ,Omina
773 1855 854 1919 enim
874 1853 1076 1935 provincialia
1098 1853 1266 1932 desideria,

166 1982 244 2047 ipsse
256 1966 373 2031 nonae
392 1967 498 2029 varios
519 1966 639 2029 iudices
658 1965 781 2043 habers,
804 1965 844 2028 ad
859 1964 992 2028 officium
1006 1960 1274 2043 Praesidium-⁹

165 2074 291 2138 tinem‘.
317 2074 397 2156 ,Sed
419 2075 492 2138 licet
514 2075 542 2137 is
563 2076 616 2156 qui
636 2074 817 2155 provinciae
838 2079 971 2154 praeest,
994 2073 1130 2136 omniurn
1151 2074 1268 2137 Romae

168 2184 400 2269 nagistratwnn
426 2185 497 2247 vice
518 2190 550 2248 et
577 2184 683 2248 oiiicio
706 2185 795 2266 iungi
817 2184 947 2264 debcant,
977 2189 1165 2247 nontamen
1194 2201 1269 2263 spe-

163 2292 307 2358 ctandum
325 2299 384 2372 est,
407 2294 480 2375 qut
495 2295 611 2363 Romae
627 2296 743 2358 iactum
765 2300 821 2372 est,
846 2310 936 2375 quam
952 2293 1025 2375 quid
1037 2293 1104 2357 fieri
1124 2293 1265 2357 dcbeatss.

160 2403 333 2488 ,sarmit
349 2403 432 2467 bono
449 2409 479 2467 ct
491 2405 581 2486 gravi
591 2404 728 2468 praedo
745 2417 871 2482 -curare,
890 2409 924 2464 ut
939 2409 1048 2483 pacata
1063 2410 1154 2484 mque
1166 2403 1268 2484 quieta

155 2513 323 2595 worincia
343 2513 387 2577 sit
408 2531 498 2594 quum
516 2513 614 2596 regit:
631 2512 711 2595 quod
732 2529 796 2575 uon
819 2510 945 2576 diidciie
969 2512 1129 2592 obtinebit,
1152 2513 1178 2576 si
1200 2511 1269 2576 sot-

154 2620 248 2687 licite
271 2629 355 2708 agat,
378 2629 412 2687 nt
431 2622 521 2688 malis
543 2623 721 2687 horninibus
742 2622 903 2703 provincia
920 2627 1026 2686 careat
1048 2639 1165 2704 eosque
1189 2639 1268 2684 con-

145 2733 347 2815 «ΜΗ.
369 2778 397 2815 ,,.
410 2751 496 2796 .nam
520 2739 554 2797 et
577 2733 608 2795 in
629 2732 783 2796 mandatis
804 2732 975 2813 principuus
996 2738 1047 2796 est
1073 2731 1112 2793 Ut
1133 2739 1219 2795 curet
1240 2732 1267 2794 is

156 2842 217 2924 qui
233 2842 420 2924 provincias
440 2848 574 2924 praeest,
597 2843 686 2907 maiis
706 2842 883 2907 bominibus
904 2842 1096 2923 provinciam
1118 2859 1268 2924 purgare3

140 2965 222 3016 {tec
242 2951 451 3034 distinguitis,
475 2951 558 3016 unde
577 2953 667 3016 sint‘.
679 2957 756 3033 cin]
788 2950 930 3016 Omnium
950 2952 1129 3032 provincias
1150 2970 1268 3033 regen-

142 3062 235 3125 tium
249 3061 415 3142 praecipua
431 3067 498 3126 erat
519 3079 593 3126 cera
614 3061 728 3125 tributa
743 3062 871 3143 exigere
883 3063 963 3140 (st.
973 3062 1117 3124 Auttent.
1128 3061 1166 3123 dc
1179 3079 1269 3124 man·

146 3170 224 3235 dat
240 3166 372 3252 princip.
390 3189 415 3234 s.
428 3169 548 3234 Noucli.
561 3168 655 3233 xvii.
674 3175 704 3232 ct
723 3169 816 3232 L.uit.
831 3169 865 3233 C.
876 3169 946 3232 eod.
964 3171 1008 3232 tit
1022 3170 1078 3247 [de
1096 3169 1265 3233 exactorib.

139 3281 304 3347 tribuiter.
315 3280 353 3344 X.
366 3280 414 3345 19.
425 3281 466 3344 ci.
475 3281 551 3345 Nou.
561 3280 638 3345 vult
652 3299 679 3343 o.
688 3279 720 3343 8.
729 3285 763 3342 et
780 3280 951 3362 symmach.
964 3279 1015 3343 1Χ.
1032 3283 1102 3345 121.
1112 3280 1161 3343 od.
1175 3281 1266 3343 lurct.

147 3397 274 3473 „veno
295 3385 451 3472 professio
475 3391 622 3472 Campani
644 3389 892 3471 Consularis“]),
912 3396 947 3453 et
973 3391 1014 3454 ob
1038 3391 1069 3454 id
1098 3391 1212 3474 singuli
1235 3390 1268 3452 iu

139 3502 269 3567 officio
290 3502 492 3566 Numerarios
512 3501 676 3579 habebant,
700 3502 719 3563 i.
740 3519 767 3566 e.
785 3501 999 3565 arithmeticae
1021 3507 1052 3566 et
1070 3519 1267 3564 numerorum

138 3613 298 3694 pomos,
320 3612 374 3693 qai
398 3611 583 3693 quandoque
604 3611 757 3676 tabularii
779 3617 949 3692 vocantur,
974 3612 1055 3694 quod
1079 3618 1188 3676 exacta
1209 3611 1269 3673 tri-

140 3718 245 3800 laota,
268 3721 455 3785 indictiones
473 3728 507 3785 st
528 3723 658 3804 capitum
682 3741 793 3786 census
815 3724 990 3787 scriberent
1005 3723 1055 3803 (L.
1067 3723 1140 3787 20.
1153 3722 1192 3785 de
1207 3738 1269 3784 nu-

146 3849 276 3896 meror.
288 3830 354 3896 Xil.
366 3834 408 3912 b,
427 3832 459 3895 L.
471 3831 502 3895 4.
513 3833 547 3896 C.
558 3833 641 3912 cod,
665 3833 698 3896 L.
711 3834 758 3898 13.
767 3833 800 3897 G.
814 3834 853 3898 de
867 3834 1072 3915 susceptorib.
1085 3833 1125 3896 Χ.
1135 3834 1186 3898 70.
1200 3833 1267 3910 [Th.

149 3942 596 4023 connumeremini,
619 3945 884 4010 nonvaeuuu.
897 3946 937 4008 ce
954 3924 1268 4011 orciuenumera-

146 4052 217 4116 riis
227 4051 313 4116 ΡΗ.
323 4053 369 4116 tit
379 4052 472 4132 XXI,
487 4055 532 4118 lo.
543 4056 634 4120 laur.
646 4055 770 4137 Lydde
784 4075 887 4140 magg.
896 4057 947 4120 111.
957 4056 1008 4120 31.
1023 4065 1132 4138 seuit·
1159 4056 1270 4121 Omni-

155 4162 220 4228 bn
241 4164 333 4229 etism
358 4164 572 4229 mandatorum
597 4165 746 4247 principis
771 4166 899 4229 codices
920 4172 953 4230 ct
976 4167 1140 4231 codicillos
1166 4168 1268 4251 inagi-

153 4279 275 4338 enaim
301 4290 369 4339 cura
392 4275 565 4358 insignibus
588 4275 729 4357 depictos
743 4276 863 4340 Notarii
883 4277 1012 4341 maioris
1036 4278 1187 4342 Latcrcult
1209 4296 1269 4341 ex-

153 4378 309 4483 hibebunt
327 4383 437 4467 (Anti.
451 4385 493 4449 dc.
508 4385 643 4451 mandat.
654 4388 766 4468 princ,
789 4387 867 4452 nm.
881 4386 1005 4453 xxntt.
1016 4406 1046 4452 c
1059 4388 1089 4452 u.
1102 4395 1182 4470 pn),
1211 4402 1267 4468 pro

111 4560 1341 4648 Qum-mus
