2918 4914
235 376 328 450 (Μ’
356 402 523 450 nuscum
539 402 1005 455 nor.oco.onr.xxxvur.nvr
1018 404 1270 456 snrrnnnnnvu.

235 617 305 663 oum
327 599 366 664 de
384 592 515 683 ‘ingenti
538 600 712 664 llaurorum
735 620 881 681 numero,
902 621 959 684 per
984 603 1147 667 latrocinia
1176 611 1206 667 et
1235 611 1340 686 raptus

235 715 304 789 apta
323 709 407 771 bello
431 707 540 789 ninnu',
564 711 624 772 iam
646 711 718 773 Tae.
729 711 805 773 llist.
817 713 851 775 ll.
863 713 913 775 58.
933 713 1052 777 locutus
1075 715 1115 776 sit
1136 732 1173 776 ac
1194 719 1239 776 tot
1261 713 1340 777 locis

233 817 312 881 haec
340 820 454 882 Notitia
485 822 606 883 llauros
636 820 782 901 Equites,
816 823 1012 886 Honorianos
1042 824 1182 901 Mauros,
1214 825 1340 887 llauros

233 926 343 1008 Alites,
368 929 532 1009 Tonantes,
556 930 715 1009 cetratos,
738 932 893 1010 Feroces,
916 932 1126 1010 Osismiacos,
1150 934 1286 995 Venetos
1310 938 1342 995 et
1410 976 1428 987 -

233 1055 311 1119 quae
332 1044 404 1102 sunt
425 1039 481 1101 rel.
496 1047 669 1119 recenseat,
692 1041 803 1105 mirum
826 1042 925 1105 videri
950 1045 1056 1123 possit.
1093 1044 1165 1105 item
1189 1042 1340 1104 Aurelio-

231 1166 342 1211 nornnn
361 1150 537 1213 Maurorum
554 1167 667 1212 nomen
689 1150 781 1214 habet
802 1155 833 1213 in
853 1170 889 1215 se
909 1152 992 1232 quod
1009 1153 1168 1215 miremur:
1191 1128 1340 1215 Aurelia-

231 1260 382 1340 nus-imp.
396 1266 504 1322 contre
535 1260 747 1340 Darrubianas,
769 1261 953 1340 Thracioas,
977 1261 1180 1339 Sarmaticas,
1204 1262 1340 1324 Deciens

233 1366 430 1450 Orientisque
452 1375 573 1451 gentes,
596 1370 729 1434 sednon
756 1377 864 1434 contra
886 1373 1009 1435 llnuras
1038 1372 1213 1450 dimicavit,
1236 1388 1339 1451 noque

230 1476 329 1541 Mauri
357 1479 437 1541 inter
468 1497 576 1542 omnes
600 1481 729 1561 populos
755 1498 833 1562 quos
857 1483 997 1562 captivos
1020 1481 1049 1541 in
1074 1480 1338 1561 triumpho'duxit

232 1588 374 1668 (Vopisc.
387 1588 546 1651 Aurelian.
560 1588 640 1668 33.],
665 1598 898 1654 enumerantur:
922 1593 1026 1671 itaque
1048 1608 1111 1652 non
1134 1590 1172 1654 ab
1193 1590 1254 1652 hoc
1275 1590 1338 1652 im-

236 1703 392 1778 peratore,
415 1697 471 1761 sed
496 1698 536 1760 alr
558 1698 661 1778 aliquo
676 1699 803 1762 Aurelio
826 1701 995 1778 Antonino,
1020 1707 1049 1763 ot
1072 1700 1173 1783 magis
1194 1705 1297 1779 putem
1320 1719 1339 1762 a

233 1806 305 1869 dlvo
330 1806 394 1886 Pio,
418 1809 470 1889 qni
492 1808 615 1871 llauros
642 1806 681 1872 ad
706 1827 814 1889 paoem
836 1810 1049 1890 postulandam
1074 1811 1177 1892 coegit
1192 1807 1339 1888 (Capito-

233 1916 333 1980 lin.in
348 1918 474 1997 Pluto),
500 1934 631 2000 quamn
663 1919 864 2001 Philosopho,
896 1922 945 1983 cui
975 1921 1127 1985 llamlnem
1152 1925 1184 1981 et
1210 1918 1338 1982 sodales

236 2029 423 2091 Aurelianos
444 2042 592 2091 creavere
615 2029 678 2109 [ld.
692 2030 724 2091 in
738 2030 1002 2110 Ant.plrilos.7.),
1025 2048 1137 2093 nornen
1160 2030 1338 2093 llaurorum

230 2137 466 2202 Aurelianorum
502 2139 693 2201 deduxerim.
733 2139 831 2221 possit
860 2145 961 2202 tamen
999 2146 1029 2202 et
1055 2140 1093 2203 ab
1118 2138 1339 2202 Aurelianeusi

233 2248 321 2326 urbe,
344 2247 488 2326 Aurelia,
512 2248 666 2326 Aureliis,
692 2248 759 2311 sive
782 2247 975 2326 Aurelianis,
1001 2266 1092 2329 quam
1114 2254 1206 2311 antea
1229 2248 1338 2310 Gena-

232 2358 303 2419 burn
330 2330 494 2420 Carnutum
524 2356 636 2419 dictam
666 2357 763 2420 luisse
791 2363 911 2420 constat
935 2364 964 2420 et
994 2358 1031 2420 ab
1058 2357 1227 2420 Aureliano
1253 2355 1336 2437 Aug.

230 2469 408 2530 restitutore
436 2482 492 2527 sno
523 2450 759 2529 Aurelianorum
791 2466 1026 2548 appellationem
1059 2467 1220 2546 accepisse
1249 2467 1338 2529 relc-

228 2583 308 2655 runt,
332 2574 731 2659 e.gr.Vales.Nol.Gall.p.
749 2579 833 2654 225,
858 2578 895 2639 A.
906 2576 994 2659 Hugo
1009 2576 1126 2639 Faunos
1147 2576 1336 2655 pittoresquc

230 2692 303 2747 torn.
317 2687 352 2747 ll.
368 2705 397 2766 p.
413 2688 495 2763 lta,
522 2686 678 2766 hollinqua
700 2684 832 2748 Orlcnns
860 2686 1049 2767 appellatur,
1073 2685 1202 2764 deduci,
1227 2692 1260 2747 ut
1281 2686 1335 2748 alii

229 2795 327 2859 llauri
349 2792 509 2873 Gallicani,
533 2796 700 2860 Osismiaci
723 2796 894 2877 tenentque
917 2796 975 2860 hac
998 2796 1106 2859 cadem
1128 2796 1243 2858 Notitia
1266 2813 1335 2857 me-

231 2910 408 2967 morantur:
431 2910 502 2967 ante
525 2905 610 2966 cuius
634 2907 890 2987 compositionem
912 2925 949 2968 ca
971 2905 1091 2967 urbium
1113 2903 1335 2967 vocabulorum

232 3012 462 3079 transformatio
486 3016 518 3077 in
547 3033 604 3077 usu
625 3034 696 3078 esse
719 3017 841 3094 coepit,
865 3021 898 3077 ut
924 3014 1104 3096 populorum
1127 3014 1251 3076 nomina
1275 3013 1335 3075 iis-

229 3108 299 3189 dem
321 3125 495 3201 induerent,
520 3127 606 3187 ouius
623 3125 670 3188 rei
692 3125 769 3187 haec
788 3126 855 3204 ipsa
870 3125 983 3187 Notitia
1005 3125 1036 3186 in
1052 3126 1227 3201 Remorum,
1248 3124 1335 3186 Van-

228 3237 366 3320 glomum,
388 3236 597 3312 Trevirorum,
621 3236 710 3298 dietis
733 3234 864 3314 aliisque
887 3236 953 3298 eius
972 3233 1056 3296 modi
1072 3223 1254 3314 oppidorum
1272 3250 1335 3295 vo-

230 3347 348 3411 cabulis
372 3346 447 3408 satis
463 3344 562 3407 multis
578 3350 668 3424 atque
688 3344 837 3424 imprimis
849 3343 982 3406 libellus
995 3344 1222 3423 provinciarum
1237 3346 1333 3403 testes

228 3462 308 3521 sunt.
334 3490 375 3504 -·
405 3454 571 3533 Abollabu]
606 3455 693 3516 lluno
722 3453 822 3515 locum
853 3452 1000 3515 simlerus
1031 3452 1068 3514 ad
1090 3450 1332 3531 irrumpam.

229 3585 297 3630 curn
320 3564 411 3628 Bluto
426 3563 534 3645 supro
557 3563 690 3627 eundem
712 3563 809 3626 luisse
831 3562 1005 3643 suspicatus
1027 3568 1102 3640 erat,
1126 3561 1181 3624 sed
1204 3578 1278 3638 non,
1301 3566 1336 3622 ut

229 3676 431 3759 Wessolingii
454 3675 625 3755 exemplum
648 3673 740 3736 liabct
761 3673 874 3755 „liber
890 3671 1168 3750 Notit.Al›ulluto“,
1192 3670 1248 3733 scd
1263 3670 1333 3748 ,idn

227 3787 320 3852 Notit.
342 3786 421 3849 lorte
445 3785 613 3848 Aballaba“
643 3783 728 3846 dedit
758 3782 916 3846 Simlerus.
960 3781 1147 3863 Wesseling.
1163 3780 1334 3857 annotavit,

229 3914 297 3960 cnm
325 3897 469 3960 Horsleio
493 3896 584 3977 ,Brit
599 3894 885 3959 ltom.l.7.Blatum
909 3893 1049 3976 Bulginm
1071 3893 1148 3955 ultra
1172 3889 1283 3953 vallum
1302 3890 1335 3951 in

229 4005 383 4093 lliddlebp
405 4006 607 4088 quaesiveris.
626 4002 816 4066 Aballoba..
829 4004 1029 4087 longissime
1051 4002 1091 4082 [l]
1115 4002 1186 4063 hinc
1209 4001 1334 4063 divorsa

228 4118 310 4185 nti«.
324 4118 380 4193 (cl.
392 4134 484 4197 supra
499 4116 536 4177 ad
550 4134 578 4197 p.
596 4116 680 4180 113·.
690 4116 790 4191 lit-tl.
801 4123 865 4194 sq.)
901 4114 1074 4177 camdenus
1084 4110 1194 4207 pelliti.
1208 4116 1336 4191 propter

227 4229 361 4291 nominis
393 4226 623 4289 similitudinem
653 4245 715 4289 non
744 4224 942 4288 dubitandum
967 4241 1038 4286 esse
1066 4221 1208 4301 scripsit,
1232 4237 1334 4300 nequa

227 4338 377 4403 dubitavit
399 4335 512 4400 Galeus
534 4355 562 4417 p.
587 4339 665 4415 tlt,
696 4337 768 4417 quin
794 4334 1095 4399 Westmorelandiae
1117 4334 1232 4414 burgus
1263 4349 1335 4394 rne-

181 4474 1410 4591 &mat
