2918 4914
142 272 1353 392 fim—

153 407 154 496 }
218 389 1318 480 wlstan.tasonem.caxnnmvxemmerammumscema.

217 635 304 691 stare
329 632 350 690 a
373 629 529 690 Carnunto
550 645 567 686 e
589 624 632 686 ad
651 622 837 700 Arrabona,
864 622 1038 710 obbedendo
1069 628 1101 688 ol
1133 627 1214 690 dnco
1242 628 1320 692 &lto

219 737 382 800 Pannonio
397 737 524 825 primo,
537 734 642 796 l'ottro
659 733 788 795 dioennc
808 748 872 795 arta
892 733 969 795 detta
991 735 1181 799 comitatensi
1201 738 1320 801 sottoil

152 843 154 888 ἵ
219 848 368 930 magister
403 847 530 932 militum
560 863 616 925 per
645 843 819 906 Thraciam.
845 844 900 918 [cl.
918 845 987 908 Not.
1006 846 1058 909 Or.
1075 846 1167 926 p.3l.
1184 848 1269 928 cn]
1283 884 1316 898 -

218 957 478 1020 liburnoriornm
507 955 641 1019 nominis
664 952 884 1034 explicationes
908 960 971 1017 tres
1000 955 1109 1018 obtulit
1129 957 1315 1036 Panairolus,

216 1068 346 1147 primum
368 1067 445 1129 duas
470 1066 585 1142 falsas,
606 1063 715 1144 quibus
743 1065 852 1126 iustam
875 1066 962 1144 quasi
987 1065 1144 1128 corollarii
1166 1066 1240 1130 loco
1261 1068 1316 1131 ad-

218 1176 312 1239 didit:
336 1177 443 1257 ,Pars“
468 1176 566 1256 inquit
584 1174 692 1255 ,huius
715 1173 849 1255 legionis
872 1175 977 1251 [Xllll.
988 1176 1144 1256 geminae]
1158 1182 1190 1239 et
1203 1176 1315 1257 aliquot
1340 1163 1345 1180 ’

151 1349 152 1356 η
217 1287 375 1367 sequentis
388 1286 426 1348 X.
443 1286 590 1348 cohortes
611 1304 650 1348 ex
670 1284 847 1347 liburnarlis
861 1285 1006 1348 militibus
1023 1286 1216 1366 constabant,
1228 1304 1313 1351 anan

217 1396 303 1458 titulo
335 1396 487 1459 Praefecti
520 1395 652 1479 legionis
678 1394 773 1457 Xllll.
792 1395 842 1457 bic
871 1395 1046 1459 Praefectus
1075 1397 1220 1478 regebat:
1251 1399 1313 1479 lpaa

216 1523 293 1567 vero
315 1505 397 1586 quod
421 1510 505 1568 esset
527 1522 566 1567 ex
586 1504 729 1567 liburnia
749 1511 918 1581 eontracta,
943 1505 1123 1568 Liburnaria
1147 1512 1195 1569 est
1216 1506 1314 1568 nomi·

151 1594 152 1637 ³
216 1620 307 1691 nata3
338 1621 390 1677 aut
414 1633 432 1677 a
453 1614 604 1691 Liburna,
638 1604 760 1676 civitate
783 1614 910 1691 ltaliae,
932 1613 986 1675 ubi
1018 1615 1146 1694 primum
1167 1614 1313 1678 Liburnus

43 1727 51 1739 '
150 1732 151 1808 l
216 1723 357 1786 inventas
379 1729 410 1786 et
430 1743 448 1787 a
470 1723 542 1785 loco
558 1722 732 1785 nominatas
754 1722 850 1784 luisse
864 1721 1002 1785 Zosimus
1014 1723 1050 1786 V.
1068 1730 1148 1805 [cap.
1159 1725 1225 1804 tn]
1236 1724 1314 1787 scri·
1351 1747 1353 1756 ·

215 1833 275 1909 bit;
300 1832 350 1896 vel
371 1835 451 1897 torte
464 1832 551 1914 ¹quod
573 1834 605 1895 in
627 1832 756 1896 liburnis
780 1833 958 1896 triremibus
975 1850 1113 1914 pugnare
1134 1834 1314 1896 consuevis-
1352 1805 1353 1831 ¹

149 2003 151 2010 ,
216 1949 294 2006 seat.
339 1942 414 2006 Cum
448 1947 529 2006 enim
551 1944 710 2026 Augustus
738 1943 926 2006 liburnarum
952 1943 1117 2023 praecipue
1139 1934 1311 2006 auxilio'll.

149 2045 151 2073 ‘
216 2052 385 2116 Antonium
406 2060 594 2135 superasset,
620 2052 659 2116 ad
680 2072 784 2117 earum
805 2053 1034 2149 similitudinem
1055 2054 1159 2134 plures
1177 2055 1312 2116 triremes

149 2241 150 2245 ρ
215 2162 389 2226 fabricavit.
433 2164 584 2228 Liburnas
607 2164 642 2226 D.
657 2164 861 2245 Hieronymus
883 2164 915 2224 in
936 2164 971 2226 ll.
986 2163 1105 2226 Daniel.
1119 2170 1149 2226 et
1169 2161 1312 2245 Vegetius

149 2260 150 2267 '
215 2270 264 2333 lV.
278 2272 329 2335 35.
346 2272 410 2350 [lll.
427 2271 471 2352 3.]
493 2292 590 2336 naves
613 2273 724 2355 longas
746 2280 873 2337 vocant:
907 2290 1033 2354 quarum
1058 2273 1156 2335 lorma
1180 2273 1212 2333 in
1236 2272 1311 2334 libro

214 2381 370 2444 derebus
395 2381 517 2467 bellicis
537 2383 609 2445 huic
632 2383 766 2445 Notitiae
788 2381 910 2445 adiecto
938 2381 1129 2459 ostenditur,
1155 2399 1246 2462 quam
1266 2387 1312 2444 ta-

149 2471 151 2475 *
212 2507 283 2551 men
305 2490 344 2552 ab
367 2492 500 2576 antiquis
521 2490 676 2555 diversam
693 2509 764 2555 esse
782 2498 882 2572 puto“.
915 2493 1009 2555 Recte
1024 2491 1158 2572 quidem,
1178 2497 1211 2554 ut
1227 2509 1313 2554 com·

149 2589 150 2673 J
204 2599 324 2678 *probat
338 2600 469 2681 Appian.
483 2601 523 2664 de
537 2601 608 2664 bell.
624 2602 685 2663 civ:
697 2601 756 2662 civ.
769 2602 804 2685 ll,
817 2620 844 2663 c.
854 2601 916 2680 39,
933 2600 1080 2683 Vegetius
1095 2600 1113 2662 l.
1128 2619 1154 2663 c.
1165 2601 1313 2664 Liburnae

149 2708 151 2731 ³
213 2708 368 2791 originem
392 2728 541 2791 esupero
565 2711 642 2774 mari
665 2716 696 2774 et
717 2710 899 2773 vocabulum
923 2712 969 2773 sic
991 2711 1129 2775 deducit:
1154 2710 1312 2789 ,liburnia

212 2817 382 2882 Dalmatiae
403 2837 475 2900 pars
498 2827 556 2898 est,
580 2799 754 2884 laderiinae
776 2821 939 2884 subiacens
954 2821 1080 2901 civitati,
1101 2821 1188 2884 cuius
1211 2839 1314 2885 exem·

148 2902 151 2986 ,ἶ
211 2928 262 3009 plo
286 2946 368 2991 nunc
392 2948 488 2994 naves
506 2931 638 2994 bellicae
659 2930 851 2994 fabricantur
873 2938 903 2994 et
923 2933 1113 3013 appellantur
1127 2932 1312 3007 Liburnae“;

148 3024 150 3109 i
212 3056 271 3102 nec
293 3039 404 3103 lsidor.
419 3039 606 3122 Etymlllll.
623 3043 649 3120 l,
664 3042 713 3104 lt.
726 3041 896 3120 ,Liburnae
919 3041 1020 3105 dictae
1044 3062 1060 3103 a
1082 3041 1198 3131 Libyis,
1219 3056 1311 3104 naves

213 3150 294 3212 enini
323 3150 553 3233 negotiatorum
576 3157 674 3229 sunt“,
707 3151 762 3214 sed
791 3168 831 3230 ,a
852 3150 995 3233 Libyrnis
1023 3157 1074 3215 aut
1105 3170 1126 3213 o
1153 3151 1310 3213 Liburnia
1352 3188 1353 3203 ο

147 3295 148 3300 1
211 3260 353 3341 scripsit3
383 3262 486 3342 itaque
516 3262 594 3325 lalsa
617 3268 665 3325 est
694 3281 712 3324 a
738 3262 900 3325 Pancirolo
930 3262 1148 3343 comprobata,
1166 3250 1311 3343 'mannis

211 3390 279 3434 earn
304 3371 396 3435 ltalns
422 3372 555 3452 scriptor
581 3371 631 3435 vel
660 3377 786 3452 propter
816 3370 986 3434 hodiernae
1016 3372 1148 3434 civitatis
1178 3371 1309 3433 Lioosno

211 3481 369 3568 recentius
391 3499 503 3544 nomen
532 3500 596 3543 non
617 3483 760 3563 recipere
786 3481 935 3558 debebat,
959 3481 1133 3544 Zosimiana
1156 3481 1234 3545 baec
1257 3500 1310 3545 ex-

209 3590 354 3669 plicatio:
388 3597 502 3671 „ntoc'a
532 3589 594 3672 γὰρ
624 3583 664 3672 ἤν
685 3591 774 3677 αὐτῷ
803 3594 1002 3676 [Φραουίτῳ]
1028 3587 1108 3670 πρὸς
1131 3596 1311 3672 ναυμαχίαν

211 3695 394 3780 donatista,
418 3704 567 3781 Λίβερνα
589 3699 691 3765 ταῦτα
713 3696 913 3780 καλούμενα,
934 3697 999 3762 cinci
1027 3721 1111 3775 τινος
1139 3699 1261 3774 πόλεως
1280 3698 1311 3761 ἐν
1351 3768 1353 3773 Α

207 3805 321 3894 Ἰταλίᾳ
345 3814 501 3902 νοουμένηςΙ
515 3813 752 3891 ὀνομασθέντα,
774 3812 847 3873 καθ’
867 3805 907 3893 ἢν
935 3811 968 3888 ἐξ
991 3810 1092 3893 α’ρχῆς
1111 3805 1235 3873 τούτων
1256 3811 1312 3871 τῶν

24 3913 27 3924 “
146 3969 148 4006 η
209 3918 327 3978 πλοίων
352 3911 491 3992 sicidae
514 3916 731 4003 ἐναυπηγήθη.
757 3894 886 3982 &norim
908 3921 945 3982 dd
959 3942 1025 3993 πως
1045 3916 1081 3982 roi
1101 3922 1196 3982 πλοῖα
1213 3922 1309 3981 ταῦτα

147 4012 148 4068 Ῐ
209 4031 480 4104 cupersanense
496 4026 755 4112 πεντηκοντόρων
776 4029 847 4110 οὐχ’
870 4018 961 4110 ἧττον
984 4029 1039 4107 [cl.
1048 4028 1102 4093 Sil.
1113 4028 1178 4090 ltal.
1195 4027 1273 4091 xlll.
1284 4027 1308 4102 i·

209 4129 282 4196 240.
297 4139 328 4197 et
348 4135 389 4199 de
412 4137 579 4201 decoribus
601 4137 761 4201 liburnicis
783 4137 940 4219 Caligulae
962 4138 994 4199 in
1020 4138 1086 4201 eins
1109 4139 1161 4199 vit.
1183 4137 1265 4202 Suet.
1284 4154 1308 4197 c.

212 4242 287 4323 17.]‚
309 4241 389 4308 κατὰ
414 4246 497 4309 notai
522 4248 586 4310 τῶν
608 4251 779 4330 τριηρικῶν
801 4243 1026 4326 ἐλαττουμονα,
1048 4247 1208 4319 πλείστοις
1230 4242 1308 4310 α”τοοο

206 4353 262 4434 τῆς
282 4348 405 4418 τούτων
426 4356 619 4440 ἐκλιπούσης
640 4357 865 4442 δημιουργίας,
883 4357 915 4421 αἰ
935 4359 990 4420 καί
1010 4354 1173 4438 Πολύβιος
1198 4353 1309 4436 dony-

368 4579 410 4585 m
448 4583 459 4588 >-
505 4548 1353 4607 unuh—uma*
