2918 4914
93 233 1311 284 «mmm

139 401 356 450 caraxatur-
367 400 408 448 io
420 377 592 450 rac.103*.
603 401 682 448 aare
693 402 731 447 nr
742 365 822 450 once
841 403 877 448 rr
892 372 1132 450 animalium.
1149 377 1241 451 805*

223 636 262 650 -
286 599 314 674 l.
341 599 403 678 17.]
428 590 587 678 ulmosque
608 602 645 658 τ’.

222 745 262 755 ——
284 710 311 784 l.
335 710 400 789 QL]
423 708 647 790 Rependurium
668 704 704 770 C.

222 855 263 866 —
286 821 331 896 ll.
342 822 392 882 29.
403 820 468 901 93]
482 819 672 898 Exceptorea
681 820 854 901 simpulorcs
867 819 1003 899 iunctim,
1014 826 1047 882 ul
1059 818 1182 901 ubique,
1193 835 1240 882 ua.

224 966 264 978 -
285 932 312 1005 t.
331 932 394 1010 aa]
420 931 562 1028 affluam
579 924 617 995 o.

571 1072 812 1085 ξ--ψ

390 1141 436 1193 DE
455 1141 548 1194 utcu
565 1104 608 1194 hl
627 1142 792 1196 Punustott
812 1141 996 1195 sntbtutntt

139 1258 210 1317 ante
225 1271 313 1335 quam
338 1255 377 1318 ad
398 1256 500 1319 Duces
523 1256 657 1320 Gallicos
683 1257 951 1337 Britannicumque
980 1261 1050 1339 post
1072 1254 1243 1337 explicatos

138 1363 324 1444 Africanos,
347 1365 487 1447 illyricos
509 1367 694 1448 ltalicosque
718 1385 776 1430 nos
803 1373 1037 1445 convertamus,
1059 1384 1158 1447 pauca
1180 1370 1243 1429 tour

138 1475 309 1554 repetenda
330 1481 392 1538 tum
415 1476 558 1541 addenda
580 1495 651 1540 esse
673 1478 805 1541 videtur,
834 1477 966 1540 vidimus
990 1474 1070 1540 enim
1094 1484 1139 1556 (p.
1156 1473 1242 1539 138⁴.

140 1583 178 1647 ad
192 1603 221 1665 p.
235 1585 279 1646 7&
293 1585 321 1661 i.
337 1588 362 1648 1.
377 1592 407 1649 el
422 1584 548 1667 poton
560 1587 598 1650 od
620 1606 649 1668 p.
662 1586 729 1650 642
743 1587 771 1663 l.
779 1588 826 1665 8.)
844 1604 907 1649 non
930 1587 972 1649 ita
994 1586 1046 1649 diu
1071 1592 1142 1648 ante
1162 1584 1244 1648 bauo

138 1694 283 1758 Notitiam
302 1683 512 1778 conscriptam
537 1696 734 1760 Matronlono
760 1697 840 1759 Deci
862 1703 892 1759 et
911 1695 1055 1758 Proeaidi
1078 1694 1245 1760 Sardiniae

142 1805 243 1867 dutum
261 1823 331 1868 esse
343 1806 381 1868 ab
397 1807 487 1888 impp.
501 1808 658 1886 Gratiano,
670 1808 884 1871 Valentiniano
895 1805 1134 1886 'theodosioque
1146 1805 1243 1869 ΑΑΑ.

139 1915 172 1978 L.
182 1914 212 1977 3.
223 1915 275 1976 Tb.
287 1914 320 1977 G.
331 1916 369 1979 ad
380 1919 413 1980 L.
422 1917 474 1980 lul.
486 1918 644 1998 repetund.
654 1919 704 1982 lX.
715 1921 764 1982 27.
778 1929 873 1999 (quae
889 1917 1010 1998 paulum
1026 1915 1181 1979 immutata
1199 1921 1245 1979 est

139 2025 171 2089 L.
185 2025 290 2089 niusa.
300 2026 375 2088 Cod.
386 2027 455 2089 cod.
467 2027 518 2091 lX.
530 2029 610 2108 bl),
621 2029 667 2091 sic
682 2028 859 2091 habentem:
874 2028 1136 2109 ,Utuniuspoena
1147 2030 1245 2088 metus

141 2136 239 2216 possit
264 2153 333 2199 esse
356 2137 528 2214 multorum,
553 2136 690 2201 Natalem
714 2138 867 2217 quondam
890 2138 1005 2200 Ducem
1025 2137 1082 2199 sub
1105 2134 1244 2198 custodia

141 2244 351 2308 Protectorum
375 2247 413 2308 ad
436 2248 626 2327 provinciam
649 2265 737 2328 mam
761 2248 940 2325 nudaverat,
961 2249 1006 2310 ire
1027 2246 1243 2329 praecipimus,

140 2359 257 2416 utnon
280 2356 379 2418 solum
403 2356 485 2436 quod
508 2357 574 2418 eius
597 2374 661 2441 non
685 2357 786 2419 dicam
809 2357 1008 2436 domesticus,
1031 2355 1087 2420 sed
1105 2355 1247 2436 manipu-
1271 2423 1274 2431 ‚

140 2463 236 2528 larius
260 2471 290 2526 et
313 2447 608 2547 ministor'accepit
631 2485 739 2530 verum
763 2467 856 2530 etiarn
880 2465 962 2548 quod
984 2466 1050 2547 ipse
1073 2453 1091 2529 a
1118 2467 1248 2546 provin-

141 2574 271 2638 cialibus
294 2577 409 2639 nostris
428 2577 528 2658 rapuit
548 2596 584 2640 ac
609 2578 746 2656 sustulit,
771 2579 802 2640 in
825 2576 1025 2659 quadruplum
1055 2577 1168 2640 invitus
1190 2596 1248 2642 cx-

140 2685 251 2748 SOlVfll.
278 2709 346 2748 DAT.
363 2711 440 2748 i'lllD.
456 2712 496 2750 ll).
514 2713 576 2750 lvit.
594 2711 871 2751 constantinorum
896 2711 1034 2751 ANTONlO
1058 2711 1094 2749 ET
1119 2710 1246 2750 sidonio

141 2800 240 2856 cosa.“
255 2795 275 2855 i.
289 2814 315 2857 e.
333 2813 412 2858 anno
427 2795 499 2860 389.
521 2797 670 2860 [locatum
694 2814 762 2859 cum
777 2797 956 2860 Praesidatu
971 2796 1048 2875 sive,
1068 2801 1100 2858 ut
1114 2814 1143 2877 p.
1157 2795 1246 2860 606‘.
1312 2848 1315 2873 ,

140 2903 321 2983 rettulimus,
347 2924 414 2967 cum
431 2909 620 2970 correctoria
643 2908 792 2989 dignitate
813 2909 880 2970 sivo
893 2908 1077 2971 correctura
1095 2906 1248 2969 interdum

144 3015 340 3077 coniunctum
365 3016 473 3095 luisse,
490 2995 623 3079 utlocc.
637 3019 698 3079 citt.
713 3017 884 3098 expositum
904 3022 960 3096 est,
986 3018 1046 3079 iam
1067 3016 1141 3079 nibil
1165 3016 1249 3079 diffi-
1348 3098 1354 3107 ¹

142 3123 263 3187 cultatis
292 3125 400 3202 babcl;
425 3127 524 3206 noque
554 3128 644 3189 ctiam
670 3128 730 3190 sibi
763 3146 818 3207 per
847 3146 953 3189 ornnes
978 3132 1115 3205 tractus,
1137 3126 1248 3190 limites

140 3236 358 3316 provinciasve
381 3253 503 3316 semper
524 3238 701 3300 constitisse
715 3238 888 3323 militarium
901 3243 1056 3299 rectorum
1080 3236 1249 3298 institutio-

142 3363 230 3426 nem,
254 3353 287 3408 ut
311 3353 341 3408 et
363 3365 449 3428 capp.
470 3347 591 3411 XXVll.
605 3365 671 3426 sqq.
686 3347 816 3409 vidimus
840 3354 869 3409 ct
893 3366 921 3427 p.
936 3344 1129 3414 594‘.not.a
1153 3364 1190 3408 ac
1218 3364 1246 3427 p.

143 3459 229 3522 ooo.
246 3457 464 3536 expressimus,
480 3456 581 3519 denuo
607 3458 718 3536 exponi
743 3475 818 3537 opus
843 3463 899 3519 est·
921 3456 992 3518 ideo
1006 3473 1082 3519 vero
1105 3454 1144 3519 ad
1165 3454 1248 3518 illam
1275 3489 1282 3501 ·

143 3567 392 3630 constitutionem
414 3566 636 3658 recurrendum
658 3565 748 3627 nobis
771 3567 837 3645 luit,
858 3566 939 3646 quod
960 3585 999 3628 ex
1021 3565 1087 3627 eius
1108 3564 1249 3627 subscri·
1320 3606 1330 3622 χ

143 3679 248 3759 ptione
270 3676 479 3739 Gotbolredus
505 3695 653 3757 apparere
676 3678 801 3757 putavit,
824 3675 1014 3755 ,Sardiniam
1034 3673 1082 3737 bis
1099 3676 1248 3756 tempori.

142 3788 199 3850 bus
224 3783 390 3847 Orientalis
413 3785 534 3864 imperii
563 3785 752 3866 provinciam
778 3785 892 3863 luisse3
922 3802 1001 3865 quac
1018 3789 1129 3864 postca
1151 3785 1248 3850 Occi-

143 3896 268 3973 dentali,
294 3901 325 3957 et
347 3894 468 3975 quidem
490 3896 594 3958 ltaliae
616 3896 756 3976 primum,
779 3900 885 3975 postea
908 3911 984 3956 vero
1007 3894 1135 3970 Africae
1157 3895 1247 3958 attri-

142 4007 214 4069 buta
237 4006 321 4068 iuit“.
353 4004 433 4085 quod
457 4023 518 4067 non
545 4005 642 4068 solum
676 4023 737 4067 non
761 4023 800 4067 cx
833 4004 890 4067 bac
919 4004 1166 4086 subscriptione,
1190 4004 1247 4069 sed

143 4115 268 4177 omnino
291 4133 352 4176 non
376 4114 500 4194 probari
519 4111 611 4195 posse
627 4121 708 4195 puto.
754 4115 799 4177 Ex
820 4114 918 4176 multis
941 4132 1019 4195 quae
1039 4113 1152 4177 adduci
1171 4132 1247 4195 pos-

142 4232 212 4290 sent
234 4227 371 4304 caussis,
395 4243 449 4287 cur
475 4225 738 4306 Constantinopoli
768 4225 837 4288 data
867 4224 919 4294 illa
949 4224 1125 4287 constitutio
1158 4223 1245 4286 credi

142 4341 261 4421 potest,
284 4335 414 4416 exempli
438 4337 537 4419 gratia
561 4336 640 4399 banc
664 4353 754 4398 unam
775 4335 919 4418 profero,
943 4335 1025 4417 quod
1046 4331 1163 4398 Natalis
1187 4333 1246 4396 iste
