2918 4914
246 367 1343 443 1008*insonissonocccnnxnsmssmnvmnsissimus.

241 608 291 662 bot
317 608 458 661 Curatores
486 617 605 661 orestes:
632 610 703 678 qued
728 617 756 662 et
779 617 856 662 vetus
881 611 1020 678 inscriptio
1040 610 1120 663 docet
1140 585 1344 683 [sd⁴ii.13.rq.

243 708 356 776 exitur.
394 706 539 774 Procopius
553 705 965 776 cse.uorn.1tt.e.mr1p0w
984 697 1117 775 cacerris
1135 703 1345 766 atrismanu-

239 807 307 862 leros
326 803 530 867 κατεστήσατο.
570 802 675 874 [Valcs.
687 803 774 855 addit:
796 810 822 856 et
840 804 867 854 in
882 803 1027 856 Anccdetis
1045 806 1125 872 pbri.
1141 805 1158 858 ὁ
1177 806 1210 860 δὲ
1230 802 1283 871 sir
1299 808 1346 863 no'·

240 905 285 959 ier
302 902 403 972 Adpoc
428 901 651 972 inassentior]
689 901 718 953 ln
741 902 807 953 sctis
836 916 942 969 quoqne
969 901 1347 973 coliat.lt'urthag.(llsrduin.

242 998 344 1051 Concil.
353 999 373 1050 l.
386 1015 412 1065 p.
422 997 511 1065 ¹049.)
524 998 621 1050 dicitur
641 1000 796 1064 Rufinianus
814 999 902 1051 scribo
920 1000 972 1053 ciri
990 999 1132 1051 clarissimi
1144 1001 1284 1053 ceratcrts
1296 1001 1347 1053 eel-

240 1113 286 1151 sse
302 1095 488 1164 Kartlapirtie.
526 1094 560 1147 Et
581 1096 609 1146 in
628 1094 722 1147 Edicto
742 1095 889 1149 Marcellini
909 1097 937 1147 in
957 1095 1015 1148 esd.
1029 1094 1098 1148 Coit.
1108 1096 1198 1149 liartlr.
1211 1098 1348 1168 (ptest.)
1389 1098 1392 1109 '

240 1193 271 1246 m
288 1194 389 1244 mentio
409 1191 503 1243 horum
526 1188 696 1241 Cureterutn:
720 1191 858 1244 Universos
880 1193 958 1244 etism
979 1203 1132 1247 curetarum
1153 1197 1348 1263 prouinciam

242 1290 402 1351 Curatores,
422 1288 595 1355 blopirtrcttrs
614 1296 638 1338 et
661 1287 767 1339 Ordinis
789 1289 873 1352 siros,
890 1306 941 1341 ster
959 1305 1013 1341 ttott
1031 1292 1199 1364 sidetem,
1217 1291 1349 1344 Proertre·

241 1396 310 1440 tores
329 1385 370 1437 sel
389 1387 513 1437 seniores
530 1383 692 1452 singulorum
713 1385 838 1437 locorum.
882 1385 1003 1455 itignitns
1022 1401 1087 1439 vere
1106 1402 1199 1440 eorum
1218 1387 1306 1440 media
1323 1391 1348 1441 in

240 1483 394 1549 municipiis
413 1482 497 1533 luisse
518 1482 602 1532 videri
622 1489 723 1548 posset,
743 1483 812 1533 inter
828 1482 991 1534 Defensores
1006 1484 1143 1535 civitatum
1162 1491 1189 1535 ct
1209 1484 1348 1554 blsgistm-

241 1586 284 1631 tus
303 1593 352 1631 seu
372 1577 551 1629 Duumviros:
570 1585 596 1630 et
616 1578 655 1629 sic
675 1578 801 1643 secunda,
822 1587 979 1648 argumente
999 1580 1100 1632 ordinis
1122 1577 1229 1633 litterae
1249 1581 1348 1636 eie.

244 1677 278 1729 de
298 1675 442 1738 erb.reis;
462 1674 532 1742 quod
562 1681 650 1726 tamen
677 1688 730 1725 non
756 1676 793 1726 ita
813 1681 867 1726 est:
894 1691 953 1726 nam
979 1677 1032 1726 ime
1057 1676 1169 1728 viliores
1191 1691 1239 1730 eos
1268 1677 1349 1728 luisse

186 1760 188 1765 Α
241 1780 333 1841 aperte
355 1772 435 1824 docet
453 1771 481 1823 L.
494 1772 520 1823 8.
529 1772 562 1823 de
584 1773 719 1824 doustien.
737 1776 777 1843 [et
795 1787 838 1840 sp.
852 1771 1040 1824 cassiodorum
1063 1775 1143 1825 etism
1163 1773 1280 1827 formula
1297 1775 1345 1828 Cu·

240 1872 337 1925 tatoris
357 1869 477 1921 civitatis
496 1876 558 1935 post
576 1868 716 1922 iormulem
735 1869 892 1922 Defensoris
914 1870 1065 1922 cuiuslibet
1083 1872 1200 1923 civitatis
1220 1871 1348 1925 collocata

242 1971 303 2035 estl.
341 1965 587 2018 Administrationis
608 1980 686 2033 porro
706 1966 916 2035 genesidium,
936 1973 966 2017 ut
984 1965 1052 2019 baec
1070 1966 1098 2018 L.
1107 1966 1193 2020 docet.
1233 1969 1274 2020 Ad
1288 1968 1348 2021 otti-

243 2065 313 2117 cium
333 2078 425 2116 eorum
453 2062 512 2115 scil.
532 2064 661 2130 pertinuit
683 2077 735 2129 pax
755 2069 782 2115 et
805 2063 933 2114 securitas
957 2063 1160 2130 provincialium
1185 2066 1213 2115 iu
1235 2064 1349 2130 urbibus,

242 2168 295 2214 tam
316 2159 497 2213 saecularium
516 2174 594 2227 quam
614 2158 867 2212 ecclesiastieorum.
912 2158 975 2211 ldeo
994 2158 1120 2228 querelae
1146 2161 1349 2227 provincialium

242 2260 276 2312 ad
297 2274 344 2310 eos
363 2256 570 2324 perimebantur·
597 2256 713 2326 (siquid
734 2256 972 2325 eis'denegsretur
995 2257 1066 2326 quod
1085 2257 1182 2309 iustum
1206 2258 1348 2327 videretur,

242 2355 287 2408 uel
312 2355 440 2405 iniustum
466 2353 530 2421 quid
554 2355 682 2406 adversus
707 2369 754 2405 eos
781 2354 1006 2418 committeretur,
1030 2361 1057 2406 et
1078 2354 1139 2406 ideo
1159 2356 1272 2406 iniurias
1292 2369 1349 2407 suas

243 2451 414 2520 cupientibus
436 2451 583 2503 contestari
601 2450 670 2517 apud
690 2465 736 2502 eos
754 2451 822 2502 Acta
840 2448 1071 2520 conficiebantur),
1095 2457 1125 2501 ιιι
1147 2450 1225 2502 docet
1245 2450 1348 2503 L.1.de

242 2550 343 2604 sonnio.
354 2554 381 2600 et
391 2548 420 2600 L.
432 2547 459 2600 3.
470 2547 503 2599 de
521 2546 796 2614 superexactionibus.
840 2547 945 2599 Nautici
965 2547 1035 2614 apud
1054 2561 1145 2600 eorum
1165 2554 1226 2600 acta
1244 2563 1348 2616 quoque

240 2645 436 2715 profitebantur
460 2645 627 2710 incorruptas
646 2658 675 2695 tc
693 2644 799 2710 species
818 2644 965 2710 accepisse.
985 2643 1103 2712 (umis
1116 2643 1260 2695 ramirum.
1274 2642 1348 2708 Uit.)

242 2743 409 2796 Donationes
430 2754 537 2810 qnoque
564 2741 635 2807 spud
661 2741 709 2792 bos
731 2740 933 2793 insinuabantur
954 2740 1031 2810 (lab.
1044 2740 1078 2794 de
1095 2741 1260 2813 denudem),
1280 2740 1348 2811 quod

243 2842 282 2894 eis
305 2846 400 2908 postea
420 2838 578 2905 ademptum.
598 2838 638 2909 (L.
648 2840 674 2892 8.
690 2837 750 2890 eod.
764 2840 817 2908 tit.)
859 2839 957 2891 ilerum
977 2837 1075 2891 litteris
1095 2840 1209 2891 iniuriee
1228 2840 1349 2893 ecclesiis

243 2939 331 2991 iactae
359 2943 387 2986 et
414 2936 605 2987 ecclesiasticis
628 2936 656 2985 in
684 2935 806 2986 notitiam
832 2935 951 2987 iudicum
979 2935 1189 3003 perimebantur.
1208 2935 1348 3005 (ustus

246 3036 378 3105 episcop.)
416 3033 465 3084 liei
487 3032 527 3083 bis
546 3032 741 3097 offerebantur,
762 3047 828 3101 quos
849 3047 910 3085 mox
927 3032 961 3085 sd
981 3030 1086 3086 ludices
1105 3031 1256 3103 dirigebant
1277 3034 1348 3103 (inb.

243 3131 276 3183 de
295 3129 356 3182 exli.
368 3130 444 3197 reis).
482 3127 551 3180 Telis
571 3129 623 3179 luit
641 3135 668 3179 et
685 3127 847 3180 Antiochiae
861 3128 1028 3181 Theotecous
1046 3127 1349 3195 ap.Euseb.lX.2.ldd·

243 3244 289 3283 κει
308 3231 358 3280 ssi
382 3226 561 3298 λογισιεύειν
579 3217 612 3278 sd
633 3219 705 3279 suad
725 3218 775 3291 τὴν
794 3226 888 3289 πόλιν,
909 3228 955 3294 qui
974 3224 1093 3278 emendis
1113 3233 1141 3277 et
1159 3225 1350 3294 persequendis

244 3325 404 3377 Christianis
424 3322 554 3376 incubuit.
592 3321 721 3374 Probibiti
740 3322 820 3373 iidem
845 3324 986 3391 quiequam
1007 3337 1159 3389 comparere
1184 3322 1245 3374 dum
1265 3322 1349 3376 Cura·

242 3429 314 3475 tores
335 3428 434 3473 essent.
453 3421 494 3489 (L.
505 3422 530 3473 5.
540 3419 573 3471 de
592 3421 626 3472 iis
646 3435 714 3488 quse
728 3418 887 3490 administr.)
924 3419 965 3471 De
988 3418 1030 3470 bis
1054 3419 1158 3471 tandem
1179 3419 1263 3471 mults
1282 3419 1351 3472 l’an.

243 3518 342 3571 circlos
358 3525 385 3570 ct
401 3517 527 3569 Valesius
543 3516 582 3587 [ll.
593 3519 674 3588 eitt.].
712 3516 914 3569 Procuratorem
934 3515 1077 3567 Civitatem
1097 3515 1224 3584 frequens
1243 3531 1352 3585 quoque

241 3616 343 3667 mentio
363 3615 390 3665 in
408 3620 475 3665 vett.
486 3615 578 3665 inscrr.
624 3613 779 3680 iuterpretis
798 3619 871 3665 certe
890 3611 923 3663 ad
942 3611 968 3663 ln.
980 3611 1008 3663 L.
1019 3626 1092 3664 error
1112 3619 1161 3677 est,
1181 3614 1227 3680 qui
1246 3612 1352 3664 Delen-

243 3726 330 3765 eorem
350 3710 552 3761 Procuratorem
575 3711 772 3777 interpretatur.
816 3709 856 3760 lle
883 3707 1057 3760 curatoribus
1076 3708 1126 3760 liei
1143 3723 1169 3774 p.
1187 3707 1352 3777 singularem

243 3807 340 3861 librum
363 3805 490 3874 Ulpianus
512 3806 576 3858 elim
600 3809 760 3874 scripserat,
780 3806 813 3858 ds
840 3820 892 3873 que
912 3807 1030 3873 quinque
1052 3812 1153 3856 tantum
1180 3820 1227 3871 per
1247 3804 1353 3857 Pende-

244 3910 300 3956 ctss
320 3903 469 3972 fragments
494 3911 655 3971 supersunt:
681 3901 831 3972 exquibus
856 3902 901 3955 vel
927 3901 996 3954 illud
1019 3901 1171 3971 colligitur,
1191 3902 1352 3955 collocatam

244 4000 277 4053 ab
297 4000 338 4052 iris
357 4000 462 4052 foenori
485 4000 626 4067 pecuniam
646 4000 780 4068 publicam
799 4014 892 4051 usuras
910 4001 949 4051 rei
972 4015 998 4066 p.
1009 3998 1111 4051 debitus
1128 3999 1161 4050 ab
1181 3998 1222 4051 bis
1242 4006 1352 4051 exactas

244 4096 284 4166 (L.
295 4097 339 4150 33.
357 4097 388 4149 ll.
406 4097 440 4148 de
459 4112 530 4148 usur.
544 4096 625 4150 xxti.
644 4101 696 4167 t.),
714 4113 823 4164 operam
843 4096 1011 4164 publicorum
1034 4111 1123 4148 curam
1144 4097 1176 4147 iis
1196 4095 1352 4149 incubuisse

244 4194 284 4264 (L.
297 4193 362 4247 bl).
372 4194 404 4245 de
421 4193 524 4260 operib.
532 4194 604 4261 publ.
616 4193 707 4259 laio„
727 4193 828 4247 L.t.tt.
838 4194 871 4245 de
885 4192 1026 4261 pollicitat.
1035 4192 1063 4245 L.
1074 4193 1146 4264 tm),
1164 4191 1276 4260 proinde
1294 4192 1352 4244 dis-

245 4306 367 4344 cussores
388 4292 519 4359 pecunius
538 4290 663 4359 publicae
683 4298 711 4344 et
729 4305 839 4359 cpemm
858 4291 1025 4360 publicorum
1045 4290 1146 4343 luisse:
1166 4289 1294 4354 breuiter,
1318 4306 1353 4344 ne
