2918 4914
91 226 1305 347 βξζ-ε-ττι--Σ--κ-Ἷ

343 395 749 447 manumissionum
775 397 862 445 asoa.
879 368 1043 447 84*.85*.
1147 370 1234 451 589*

140 612 274 676 ponere:
298 592 437 675 Officium
459 602 560 657 autem
577 594 669 657 laobct
688 596 765 658 idem
786 596 836 656 air
855 593 1029 675 spectabilia
1042 594 1150 659 eomas
1163 593 1233 659 lto·

141 703 202 767 ttae
223 705 266 768 ud
286 704 508 769 siraditudc'nem
528 704 650 769 Comitis
673 704 914 768 Brltuamiocom.

749 872 821 883 -α

532 962 674 1035 capvt
705 961 854 1035 xxviii.

226 1090 314 1169 Plo.
335 1108 424 1187 85*.]
454 1108 541 1171 Hunc
563 1108 730 1187 Comitem,
756 1114 860 1189 aperte
890 1106 928 1170 ad
960 1104 1083 1169 tutelam
1110 1102 1236 1166 limitum

140 1212 262 1295 imperii
283 1215 413 1279 Romani
434 1216 494 1278 iam
515 1217 627 1280 arctius
646 1223 872 1280 contractorum
894 1221 999 1278 contra
1023 1212 1149 1277 infestas
1171 1212 1238 1276 for-

139 1324 213 1387 tiunr
242 1322 482 1389 Alamannorum
512 1326 583 1390 inde
617 1348 634 1391 a
665 1327 815 1391 Caracalli
847 1324 1032 1407 temporibus
1063 1322 1237 1387 minitantes

139 1432 335 1497 incursiones
358 1434 551 1497 constitutum
574 1435 646 1499 alibi
667 1436 831 1499 memorari
853 1453 914 1498 non
937 1432 1070 1497 meraini.
1097 1432 1238 1513 namqui

139 1544 170 1605 in
191 1543 311 1625 proelio
334 1546 590 1629 Argentoratensi
613 1542 1107 1623 seo.Arnrnian.XVl.12,27.ad
1128 1542 1236 1607 asor.

138 1651 202 1715 dur
218 1654 317 1717 aciem
339 1654 451 1717 direxit
466 1654 593 1735 laevam,
614 1655 758 1736 Severus,
779 1674 841 1717 non
863 1657 972 1719 Conrcs
990 1653 1239 1736 Argentoraten-

138 1761 194 1841 sis,
216 1761 274 1825 sed
294 1762 442 1847 Magister
463 1764 588 1826 Militum
619 1764 690 1843 luit,
714 1771 745 1826 nt
768 1785 806 1828 ex
830 1762 1238 1842 oodcanVl.90,21.ap-

136 1877 236 1953 paret.
279 1872 335 1935 sed
362 1873 494 1937 sortasse
519 1874 794 1955 Argentoratensis
822 1874 932 1936 Comes
963 1873 1019 1935 init
1049 1871 1100 1934 ille
1120 1872 1238 1950 Victor,

140 1982 181 2043 de
202 1999 263 2063 apro
285 1983 467 2046 Anthrosias
490 1983 520 2044 in
544 2002 591 2064 ep.
608 1984 646 2045 ad
668 1984 910 2047 Valentinianum
934 2004 961 2045 a.
977 1983 1048 2045 387.
1064 1982 1178 2062 scripta
1199 1980 1238 2043 de

139 2090 297 2173 legatione
318 2111 372 2155 sua
397 2092 522 2170 (XXIV.
533 2092 574 2169 d,
590 2112 618 2173 p.
629 2092 700 2155 839.
713 2094 761 2155 cd.
772 2093 920 2169 Bencd.):
937 2094 1061 2173 „Nonne
1076 2091 1154 2153 intra
1165 2090 1240 2153 Gal-

144 2198 201 2263 lias
226 2202 310 2264 iunta
342 2201 449 2265 urbem
476 2202 702 2283 Mogontiacum
726 2202 836 2265 Comes
859 2202 966 2264 Victor
997 2198 1131 2264 occurrit
1153 2198 1238 2278 milri,

151 2325 235 2390 quem
255 2310 394 2373 direxisti
416 2313 488 2385 [ie.
505 2311 665 2391 Mammas]
690 2317 723 2372 ut
749 2329 857 2391 pacem
879 2310 1046 2393 rogaret?“
1093 2308 1240 2372 Alaman-

147 2434 269 2499 norum,
294 2417 476 2499 §vyalddtoa
498 2418 553 2481 καί
571 2417 715 2498 μιγάδων
736 2414 933 2499 ἀνθρώπων,
954 2426 986 2481 ul
1007 2418 1132 2482 Asinius
1154 2420 1240 2495 Qua-

144 2526 244 2591 dratus
269 2547 317 2609 ap.
329 2527 439 2611 Agatlr.
456 2529 478 2589 l.
491 2530 520 2591 6.
538 2546 592 2591 eos
616 2528 696 2591 bene
722 2529 893 2610 appellavit,
917 2536 948 2590 ct
970 2528 1061 2593 sedes
1087 2536 1117 2593 et
1140 2529 1240 2592 histo-

141 2636 213 2701 riam
240 2638 399 2701 succinetc
431 2638 594 2719 descripsit
618 2638 760 2702 Zeussins
786 2658 814 2721 p.
828 2638 899 2702 30‘2.
915 2657 992 2719 sqq„
1016 2638 1157 2721 idemque
1182 2659 1240 2702 ve-

142 2753 236 2813 terum
277 2748 316 2811 de
351 2749 584 2830 migrationibus
612 2769 648 2811 ac
685 2748 941 2812 ilehcllationibus
971 2748 1107 2813 eiusdem
1137 2749 1240 2832 populi

144 2858 314 2923 testimonia
329 2858 494 2940 diligenter
510 2858 637 2921 collecta
655 2859 817 2921 ordinarit.
854 2859 979 2921 Comitis
991 2858 1240 2942 Argentoraten-

145 2969 184 3033 sis
205 2969 465 3032 introductionem
492 2976 557 3049 post
584 2969 691 3030 tuliani
713 2970 783 3049 imp.
803 2976 939 3049 tempora
964 2987 1081 3050 ponens
1101 2967 1241 3031 Valenti-

144 3080 231 3143 niano
244 3080 267 3142 1.
285 3077 518 3157 adscripserim,
542 3078 720 3158 oppidorum
743 3084 773 3141 et
794 3078 921 3141 limitum
943 3079 1096 3141 conditori
1119 3085 1239 3161 tempe-

144 3190 219 3253 stivo
242 3194 291 3267 (ut
317 3188 469 3250 Ammiani
487 3188 582 3250 XXX.
596 3188 626 3267 tl,
647 3188 713 3249 ta.
728 3189 831 3250 verbis
854 3194 957 3267 utar),
980 3188 1118 3251 militaris
1142 3188 1240 3251 disci-

144 3298 241 3379 plinae
272 3298 397 3361 censori
428 3298 553 3376 eximio,
580 3297 718 3360 militaris
742 3299 787 3360 roi
816 3298 957 3360 ordinum
982 3298 1238 3361 scrutantissimo.

145 3408 288 3473 lulianum
311 3409 378 3471 fere
400 3406 480 3470 inter
498 3408 644 3470 victorias
669 3407 707 3470 dc
728 3407 907 3471 Alamannis
928 3406 1051 3486 relatas,
1074 3424 1149 3488 quas
1162 3407 1239 3469 Arn-

143 3519 258 3581 mianus
275 3518 352 3582 XVl.
365 3520 433 3581 ‘let
454 3517 684 3596 l‘l.tlescripsit,
712 3516 894 3578 Germaniae
913 3517 1032 3577 Primae
1054 3516 1165 3597 oppida
1183 3536 1240 3580 ea-

143 3627 289 3709 stellaque
311 3632 373 3688 tum
403 3644 572 3707 occupasse
593 3632 654 3688 tum
682 3644 843 3707 reparasse
869 3631 990 3687 constat
1005 3628 1038 3706 ὓ,
1062 3632 1152 3707 atque
1171 3626 1238 3709 ipse

239 3846 270 3915 ⁴)
289 3848 418 3899 Ammian.
431 3848 499 3911 xvi,
511 3848 536 3897 2.
550 3848 590 3898 td.
602 3848 633 3897 ad
645 3864 668 3898 a.
678 3846 739 3899 356.
754 3846 887 3912 „Audiens
906 3846 996 3915 itaque
1016 3845 1145 3917 [lulianus
1165 3846 1237 3899 Cae-

141 3948 194 4015 sar]
213 3938 416 4013 Argentoratum
445 3944 643 4014 [Straasbarp]‚
669 3944 857 4013 Brocomagnm
880 3944 979 4014 [Brumt
999 3959 1020 3995 s.
1035 3944 1167 4013 Bennett,
1186 3944 1237 3995 Ta-

142 4038 236 4093 bernas
257 4040 510 4111 [Micia-Zalera]‚
535 4041 682 4093 Saliaonem
707 4040 814 4111 [Salta]‚
839 4040 962 4092 Nemetas
983 4042 1098 4109 [Speier]
1120 4048 1147 4093 et
1165 4042 1236 4092 Van-

142 4138 235 4205 gionas
248 4138 374 4207 [Wormsj
396 4144 424 4188 et
442 4137 638 4205 Mogontiacum
653 4138 767 4207 [dlaiaa]
788 4139 909 4189 civitates
929 4138 1054 4189 barbaros
1071 4136 1237 4204 possidentes

141 4236 272 4287 territoria
292 4250 382 4287 earam
404 4233 522 4286 habitare
543 4238 615 4305 (nam
640 4236 696 4301 ipsa
718 4234 813 4301 oppida
833 4242 862 4285 ut
881 4235 1052 4287 circumdata
1068 4236 1142 4285 retiis
1160 4234 1237 4285 busta

143 4329 296 4399 declinant),
315 4334 423 4399 priruam
441 4333 556 4383 onrrriurn
578 4333 766 4401 llrocornagunr
785 4334 1047 4403 oppugnarit‚ciquo
1066 4333 1117 4383 ianr
1134 4330 1236 4383 advan-

91 4460 1312 4583 num-l
