2918 4914
137 247 1350 368 rw

220 400 332 471 1150*
347 420 1318 474 annuormcocc.caa.xar...xcm.aaeaovmctaaaacroma.

216 549 326 565 *

215 621 323 702 quibus
348 621 463 703 aliquot
485 641 598 687 aureos
619 622 790 687 solvebant.
835 621 1015 686 cohortales
1038 620 1228 706 generaliter
1249 638 1319 684 ma-

213 732 360 812 gistratus
383 733 414 794 iu
445 733 598 813 publicum
629 733 815 814 prodeuntes
844 731 1080 812 praecedebant.
1122 729 1318 810 Lampridius

149 891 153 944 Ι
213 841 262 918 (in
277 841 366 905 Alex.
377 862 404 906 c.
415 841 716 924 olq‘dpparitores’
737 842 835 922 inquit
850 836 963 904 ‘nullos
984 859 1093 921 passus
1116 846 1181 903 est:
1202 839 1319 904 l'ribn-

212 949 261 1012 nis
287 957 339 1014 aut
356 951 494 1016 Ducibus
517 951 579 1015 nisi
600 951 712 1015 milites
735 950 853 1014 anteire
875 949 989 1029 voluit,
1014 951 1162 1031 iussitque
1186 954 1219 1012 ut
1245 954 1318 1013 ante

212 1059 379 1125 Tribunum
403 1068 544 1144 quattuor
563 1062 673 1126 milites
697 1061 898 1140 ambularent,
921 1066 991 1124 ante
1010 1060 1126 1124 Ducem
1152 1078 1220 1138 sex,
1246 1065 1318 1123 anm

148 1148 152 1213 Ι
211 1168 358 1252 Legatum
384 1170 509 1236 decem’.
545 1171 577 1234 ld
601 1178 701 1236 autem
725 1171 806 1253 quod
825 1170 960 1234 Ducibus
984 1171 1147 1251 prohibuit,
1172 1168 1318 1233 civilibus

147 1225 152 1310 Ι
211 1280 442 1364 magistratibus
467 1282 632 1362 concessit,
656 1282 706 1363 qui
724 1281 924 1363 apparitores
936 1280 1179 1362 praemittebant.
1219 1279 1317 1343 Nice-

210 1387 327 1469 phorus
343 1389 397 1468 (X.
411 1409 438 1453 c.
450 1392 517 1468 22.)
530 1392 610 1455 enim
633 1391 675 1455 ait
691 1390 838 1454 lulianum
849 1393 1029 1472 Apostatam
1051 1387 1262 1470 prohibuisse,
1277 1405 1316 1451 ne

210 1498 412 1579 Apparitores
433 1500 597 1564 Praesides
619 1501 856 1581 antecederent,
880 1499 1002 1582 quando
1025 1497 1183 1563 delubrum
1206 1498 1318 1582 ingre-

211 1607 357 1673 derentur
386 1609 514 1674 deornm
540 1612 669 1674 honoris
690 1611 808 1697 gratia3
836 1611 912 1675 alias
933 1627 1009 1674 vero
1030 1609 1184 1690 permisit,
1207 1614 1243 1671 ut
1264 1606 1316 1670 tt.

211 1724 314 1782 ctores
339 1738 406 1782 cum
427 1721 563 1784 fascibus
586 1727 616 1784 et
638 1720 799 1785 securibus
814 1721 978 1801 praeirent.
993 1717 1234 1795 (Cassiodorin
1250 1717 1316 1780 ior-

209 1827 291 1890 mula
312 1828 551 1909 consularitatis,
565 1829 628 1908 [Vl.
642 1831 692 1894 90.
703 1829 784 1893 iutra
796 1835 959 1909 transcr.])
973 1828 1067 1892 Divus
1080 1829 1173 1891 etiam
1182 1825 1314 1890 Basilius

201 1920 257 2012 ⁰(in
272 1938 688 2017 Hexaem.hom.5.)scribit
709 1939 896 2003 Praeconem
920 1946 952 2003 et
973 1936 1169 2021 Perigcrulos
1187 1935 1314 2000 Praesi-

209 2045 265 2110 des
290 2048 413 2129 praeire
435 2049 647 2113 consuevisse.
669 2049 733 2113 Nec
748 2067 824 2113 vero
839 2049 991 2133 gregatim
1013 2054 1064 2112 aut
1077 2047 1142 2109 bini
1157 2046 1211 2111 vel
1223 2044 1313 2124 terni,

209 2157 265 2219 sed
287 2157 401 2241 singuli
420 2159 529 2223 ordine
549 2178 628 2223 unus
647 2165 719 2242 post
741 2160 832 2223 alium
850 2158 1059 2243 magistratum
1073 2155 1312 2239 praecedebant,

208 2268 465 2349 quemadmodum
481 2271 513 2332 in
535 2270 634 2334 numis
657 2270 790 2351 antiquis
812 2275 978 2351 spectatur,
999 2275 1030 2332 et
1043 2268 1147 2332 livius
1170 2264 1311 2343 (XXllll.

207 2378 278 2458 44.)
290 2380 409 2461 scribit,
432 2388 550 2463 patrem
572 2381 696 2446 Fabium
722 2400 790 2445 cum
811 2381 949 2445 venisset
973 2380 1012 2445 ad
1035 2380 1129 2443 tilium
1151 2377 1310 2442 consulem

206 2506 286 2570 equo
312 2490 506 2573 insidentem,
530 2492 673 2557 undecim
695 2493 797 2556 fasces
820 2497 1065 2573 praetervectum
1088 2507 1152 2552 non
1175 2489 1311 2553 descen-

207 2597 292 2663 disse
322 2619 380 2664 nec
414 2601 541 2665 lictores
573 2601 762 2666 verecundia
791 2600 960 2665 maiestatis
991 2600 1153 2681 quicquam
1183 2598 1309 2664 dixisse.

205 2711 268 2769 tum
287 2708 367 2772 lilius
389 2711 530 2790 proximo
553 2710 656 2776 lictori
678 2711 784 2791 iussit,
809 2716 842 2772 ut
864 2716 982 2791 patrem
1005 2709 1098 2772 officii
1120 2709 1168 2772 sui
1200 2725 1310 2773 mone-

205 2821 261 2879 ret.
305 2817 465 2882 Proximus
488 2826 587 2884 autem
619 2820 810 2904 magistratui
839 2819 931 2883 lictor
959 2820 1085 2903 dignior
1113 2825 1201 2899 erat,
1232 2819 1310 2883 inter

205 2943 296 3006 quem
318 2933 348 2991 et
367 2928 543 2994 Praesidem
566 2931 681 2994 nemini
701 2950 737 2995 se
760 2931 956 3012 interponere
974 2928 1099 3009 licebat,
1121 2927 1308 2993 utValerius

204 3035 272 3113 (lib.
288 3037 311 3100 l.
325 3037 365 3101 dc
386 3038 531 3103 institutis
554 3039 765 3122 antiquitatum
787 3038 866 3118 [Val.
886 3035 1146 3119 atax.11.a,t.])‚
1172 3036 1307 3101 undcin

203 3147 328 3229 antiquo
354 3168 506 3213 marmore
530 3151 643 3233 legitur
674 3174 960 3215 manaucate.
980 3173 1147 3213 ruossano.
1172 3171 1304 3213 caeram.

202 3280 344 3322 anciano.
361 3260 477 3341 primus
499 3260 701 3326 submovebat
722 3260 843 3342 plebem
873 3267 904 3325 et
931 3259 971 3323 ob
998 3259 1028 3322 id
1055 3265 1180 3342 praeter
1207 3260 1305 3324 lasset

201 3364 322 3448 virgam
345 3387 436 3432 manu
457 3370 600 3452 gestabat
621 3370 674 3446 [de
696 3370 833 3434 fascibus
857 3368 1029 3433 consularis
1052 3368 1240 3451 Campaniae
1261 3366 1305 3432 le·

200 3474 302 3557 gimus
325 3478 417 3541 etiam
446 3480 476 3541 in
505 3480 639 3544 Firmico
664 3481 735 3543 llat.
756 3487 786 3544 et
809 3480 903 3543 inscr.
921 3479 1137 3543 Beneventano
1162 3478 1209 3541 ct.
1231 3472 1303 3541 lulio

199 3581 311 3648 Pacato
331 3587 492 3652 consulari
505 3589 609 3672 Camp.
621 3590 733 3671 posita,
757 3608 845 3671 quam
863 3591 942 3653 intra
964 3587 1220 3668 exhibebimus.];
1232 3603 1304 3670 pro·

198 3692 299 3757 ximus
321 3699 464 3761 mandata
475 3701 671 3784 magistratus
693 3701 911 3782 exequebatur,
935 3718 1035 3781 neque
1057 3698 1137 3761 adeo
1155 3698 1218 3762 vile
1240 3701 1303 3762 erat

198 3797 260 3863 hoc
283 3804 440 3888 officium,
462 3827 532 3874 nam
563 3811 648 3875 servi
669 3811 810 3875 Lictores
841 3829 911 3874 esse
941 3827 1004 3873 non
1030 3814 1175 3890 poterant
1197 3807 1301 3886 (bion.

199 3907 286 3974 Cass.
298 3913 429 3981 XLVlll.
442 3918 523 4002 tib).
566 3921 683 3985 Eadem
706 3922 796 3986 etiam
824 3938 932 3985 omnes
955 3921 1052 3983 terme
1074 3918 1300 4001 provinciarum

197 4025 336 4086 rectores
359 4026 494 4111 insignia
518 4031 678 4114 gerebant,
702 4032 823 4096 scilicet
846 4032 955 4095 librum
971 4028 1188 4094 mandatorum
1206 4027 1299 4093 abaco

196 4128 391 4216 impositum,
424 4141 474 4203 cui
508 4148 638 4224 tapetum
668 4143 879 4208 venerationis
907 4141 1008 4228 gratia
1038 4141 1297 4207 substernebatur.

195 4239 306 4304 Hicin
332 4246 505 4330 auditorio,
535 4252 588 4315 ubi
611 4252 681 4317 lites
705 4252 944 4333 dirimebantur,
968 4252 1177 4336 retinebatur,
1205 4256 1237 4316 nt
1267 4247 1296 4311 ia

195 4348 356 4417 consulari
379 4356 572 4425 Palaestinae
601 4367 632 4426 et
654 4361 840 4445 Campaniae
861 4363 974 4428 Notitia
1000 4363 1147 4428 ostendit.
1189 4359 1294 4427 lisdc'n

115 4476 1350 4609 λωφᾷ)

1327 4710 1350 4864 l
