2918 4914
1272 232 1330 349 'i

487 394 555 443 cnr.
569 393 688 445 xxrrrr.
716 395 757 442 no
779 395 849 443 rac.
864 373 942 445 78*.
1165 376 1256 451 53⁷*

162 591 299 672 curioni,
323 590 498 669 decurioni,
532 590 704 655 centurioni
731 608 793 653 non
824 591 1044 674 obtemperanti
1077 593 1257 658 constitutas

163 702 215 780 ,Si
237 718 313 766 vero
340 700 529 785 legionarius
551 700 700 782 quispiam
724 701 869 765 resistere
891 702 1025 783 praesidi
1055 720 1110 766 suo
1132 702 1254 782 maiori,

162 810 191 873 h.
215 831 241 876 e.
271 811 380 875 comiti
416 811 467 875 vet
497 811 631 874 Tribuno
664 810 756 875 fuerit
788 828 902 890 ausus,
937 818 1074 879 extremo
1106 814 1254 895 supplicio

161 921 318 985 subicitor.
352 923 451 986 omnis
489 921 568 985 enim
604 921 795 984 contumacia
822 921 926 985 mititis
963 922 1112 986 adversus
1144 923 1253 987 ducem

158 1032 208 1095 vel
228 1032 403 1114 praesidem
427 1032 557 1115 capitale
579 1030 758 1113 supplicium
779 1032 926 1116 irrogata.
969 1010 1016 1096 De
1030 1032 1172 1097 Tribunis
1190 1032 1256 1097 co·

156 1141 309 1222 hortium,
332 1141 439 1224 quales
460 1148 531 1206 ante
553 1142 633 1206 lianc
652 1141 796 1206 Notitiam
817 1142 959 1221 fuerunt,
979 1141 1059 1206 haec
1083 1143 1149 1207 fere
1170 1143 1255 1207 lien-

157 1253 263 1316 zenius
281 1254 329 1330 (in
350 1250 570 1335 ephemeridib.
586 1251 647 1314 citt.
663 1249 791 1315 tatrot.
805 1252 832 1314 d.
848 1249 912 1314 Ver.
929 1268 959 1314 c.
972 1250 1064 1314 Μ.
1079 1251 1120 1314 im
1133 1251 1252 1316 utam.

159 1361 457 1444 Xllt.p.·50.sqq.):
494 1365 528 1441 1)
548 1362 660 1443 passim
683 1379 738 1426 eos
761 1360 944 1426 cohortibus
966 1361 1156 1443 praefuisse,
1187 1340 1251 1426 non

160 1472 252 1535 certis
276 1472 465 1553 quibusdam,
488 1472 624 1554 exceptis
646 1478 746 1537 tamen
764 1471 948 1536 Cohortibus
959 1477 1020 1535 tum
1036 1472 1255 1538 Praetoriano·

159 1599 225 1644 rum
252 1588 313 1646 tum
337 1582 466 1647 Urbanis
489 1600 528 1647 ac
553 1582 695 1667 vigilum.
718 1585 760 1647 ita
781 1582 874 1647 modo
894 1582 951 1646 sub
972 1583 1141 1647 Praefectis
1161 1582 1255 1646 modo

155 1690 212 1754 sub
238 1692 380 1756 Tribunis
407 1692 572 1757 memorari
596 1692 746 1757 cohortes
771 1692 886 1757 Primos
910 1692 1153 1774 Aquitanorum,
1175 1689 1253 1756 Del-

154 1807 320 1882 matarum,
349 1803 594 1883 Pannoniorum,
624 1804 798 1869 Raetorum.
843 1805 879 1881 9)
914 1802 1062 1885 imprimis
1089 1807 1188 1866 autem
1223 1806 1254 1865 et

155 1911 274 1976 Primas'
301 1919 332 1976 et
365 1912 612 1977 Voluntariorum
644 1912 794 1977 cohortes
830 1912 983 1977 Tribunos
1017 1911 1179 1992 habuisse,
1214 1929 1253 1977 ex

153 2023 384 2103 comparatione
409 2024 543 2085 omnium
554 2022 695 2085 Tribunis
716 2021 904 2085 subditarum
925 2022 1094 2085 cohortium
1115 2021 1251 2103 probari.

153 2131 200 2194 Ex
224 2130 334 2194 XXVII
360 2132 425 2194 eius
454 2131 539 2193 modi
562 2130 757 2209 cohortibus,
786 2147 848 2192 non
874 2130 1081 2194 adnumeratis
1102 2130 1253 2194 Volunta-

156 2241 273 2301 riorum
298 2238 494 2318 cohortibus,
516 2244 586 2302 sunt
609 2236 681 2303 XX}
705 2238 839 2318 Primae,
862 2239 902 2304 ltl
922 2239 991 2303 sine
1013 2256 1140 2303 numero
1165 2238 1254 2303 adie-

159 2352 208 2409 cto
229 2347 405 2413 nominatae
431 2348 547 2430 [itaque
568 2348 711 2429 unicaeJ,
738 2348 817 2412 duae
838 2349 1017 2429 Secundae,
1040 2366 1099 2412 una
1127 2348 1249 2427 Quinta,

153 2457 246 2520 modo
265 2458 344 2520 haec
360 2463 394 2522 ut
413 2476 462 2539 ap.
476 2459 670 2537 Muraenae,
689 2463 715 2522 1.
739 2458 877 2537 habetur,
901 2459 974 2522 satis
997 2464 1081 2522 ccrta
1101 2459 1150 2521 sit.
1187 2458 1254 2523 Vo-

152 2565 352 2630 luntariorum
386 2566 570 2632 Cohortibns
600 2575 700 2631 autem
728 2568 869 2632 omnibus
897 2567 1047 2632 Tribunos
1078 2567 1251 2649 praefuisse

152 2675 334 2740 observavi:
357 2693 425 2739 nam
450 2676 501 2758 qui
525 2676 622 2740 Praef.
648 2675 717 2739 coh.
737 2675 759 2740 i.
775 2676 891 2739 volunt.
917 2682 1102 2741 memoratur
1123 2677 1162 2742 Μ.
1186 2677 1250 2742 Ve-

151 2786 289 2849 sidionus
312 2785 494 2868 Hedptaius,
519 2787 550 2848 in
574 2784 661 2849 titulo
683 2786 850 2870 Ligoriano
871 2784 1002 2869 legitur,
1025 2804 1124 2869 neque
1146 2787 1249 2869 itaque

153 2895 219 2959 eius
243 2896 497 2968 commemoratio
526 2902 633 2959 contra
661 2896 780 2978 probat.
831 2895 1003 2960 Voluntarii
1030 2914 1137 2961 omnes
1163 2897 1248 2961 cives

150 3005 279 3070 Romani
302 3012 399 3086 erant,
417 2989 555 3086 'ideoque
577 3005 710 3071 fortasse
726 3023 832 3071 eorum
853 3006 1021 3088 praepositi
1044 3007 1125 3070 idem
1145 3006 1248 3088 utique

150 3122 240 3196 atque
263 3114 441 3179 cohortium
465 3115 654 3179 Urbanorum
674 3116 840 3198 praepositi
862 3134 976 3180 nomen
999 3115 1160 3199 gerebant.
1193 3133 1249 3179 ce-

150 3231 247 3289 terum
271 3224 378 3288 dubito
400 3243 438 3289 an
459 3224 577 3289 Primae
600 3242 721 3307 quoque
745 3226 889 3291 cobortes
911 3243 986 3306 prae
1008 3226 1119 3289 ceteris
1146 3223 1247 3305 aliqua

150 3336 365 3419 praerogativa
389 3336 516 3419 gavisae
539 3342 643 3400 essent
668 3335 762 3417 [quod
791 3336 865 3399 mibi
892 3351 1013 3417 quoque
1035 3334 1104 3397 veri
1124 3333 1248 3396 similti-

151 3462 230 3509 mum
249 3464 318 3511 esse
342 3446 472 3528 videtur,
495 3463 564 3509 cum
581 3453 612 3510 et
632 3447 736 3526 priore
750 3446 821 3509 toco
832 3446 990 3510 recenseri
1005 3444 1245 3524 consueverint].

150 3554 187 3632 3)
206 3554 270 3619 Etsi
291 3574 353 3619 non
370 3554 497 3638 quilibet
518 3561 570 3619 aut
594 3553 736 3618 Cobortis
757 3560 809 3618 aut
829 3554 975 3636 Legionis
997 3552 1153 3617 cuiusdam
1175 3552 1246 3618 Tri'-

148 3664 247 3728 bunus
274 3672 364 3730 antea
386 3667 561 3748 praefectus
593 3665 707 3745 fuerat,
736 3669 837 3728 tamen
859 3663 973 3726 nultum
996 3662 1159 3728 Tribunum
1193 3665 1244 3728 fa·

148 3779 227 3839 ctum
251 3754 333 3839 esse
346 3775 536 3840 Praefectum
560 3774 703 3839 Cohortis
733 3792 773 3838 cx
805 3772 1055 3856 inscriptionibus
1086 3773 1241 3839 discimus.

145 3901 245 3966 neque
268 3891 376 3948 contra
398 3885 472 3948 facit
491 3884 662 3967 exemplum
685 3884 721 3958 0.
747 3882 875 3968 Gargilii
902 3882 954 3960 [de
975 3901 1035 3966 quo
1056 3882 1127 3947 vide
1149 3901 1241 3965 supra

146 3993 184 4057 ad
204 3995 351 4075 p.77*.i.
367 3994 423 4075 8.],
449 3994 499 4076 qui
520 4000 679 4076 postquam
701 3991 803 4074 Proes.
827 3991 892 4058 coh.
914 3990 1054 4056 Britoau.
1071 4011 1108 4056 ac
1129 3992 1242 4056 deinde

149 4101 231 4164 Trib.
256 4102 321 4166 coh.
341 4101 444 4167 usar.
467 4100 557 4167 Coss.
579 4104 696 4183 fuerat,
719 4100 823 4183 Praef.
849 4101 914 4166 coh.
935 4101 1011 4185 sing.
1034 4109 1065 4164 ct
1083 4119 1154 4165 aec.
1176 4118 1239 4182 epp.

101 4286 103 4295 Ι
144 4209 284 4277 Mauros.
307 4212 423 4294 factus,
443 4212 464 4275 i.
488 4232 516 4278 e.
540 4230 603 4278 uon
626 4212 724 4277 solum
747 4212 889 4293 cohorti,
910 4210 967 4277 sed
989 4212 1123 4294 pedestri
1144 4229 1240 4293 epoc-

144 4322 261 4404 stripue
283 4339 412 4389 numero
432 4323 607 4406 praefectus
626 4329 682 4388 est.
710 4320 747 4402 4)
767 4322 943 4390 Praefectus
957 4322 1101 4387 Cobortis
1115 4327 1148 4384 ut
1161 4318 1239 4384 Alae

101 4524 1252 4572 m
