2918 4914
134 452 135 457 *
203 371 320 445 troo*
338 393 506 445 annorum
520 394 830 445 nonodecimus.
842 395 1038 447 consumis
1049 398 1236 447 muniatur.

133 642 134 649 ,
200 594 390 657 correctoria
411 591 666 676 praesidialisne,
689 600 797 676 postea
824 594 996 659 consularis
1027 596 1137 660 iterum
1159 596 1250 660 lieret
1271 602 1303 659 et

199 704 247 767 sic
268 704 425 785 deinceps,
450 710 480 768 et
501 720 593 795 supra
616 705 718 768 multis
740 705 899 787 exemplis,
922 705 975 768 ubi
995 706 1036 770 de
1055 706 1187 770 ilicariis
1210 705 1303 771 dioe-

200 813 317 876 cesium
335 814 518 895 disputatum
533 821 593 894 est,
609 815 757 896 imprimis
774 821 874 879 autem
891 792 1015 896 podii&
1025 814 1062 879 ad
1075 816 1182 897 p.88*.
1194 821 1304 879 ostea-

200 919 311 1001 dimus,
335 928 365 987 et
385 923 485 1004 paullo
504 929 575 1004 post
598 923 637 986 dc
659 924 724 1005 ipsa
747 923 911 1006 Campania
932 925 1114 988 uidebimus.
1158 924 1302 989 Formula

198 1031 433 1097 Consularitatis
448 1051 496 1115 ap.
509 1033 667 1097 Cassidor.
678 1031 801 1097 llanVl.
816 1024 928 1098 idaia
946 1034 1055 1099 habet:
1068 1035 1237 1119 „Quamvis
1252 1035 1304 1099 di·

133 1146 135 1166 ‘
198 1142 347 1224 gnitatem
368 1143 461 1206 l'uam
493 1163 511 1207 a
546 1143 724 1207 consulibus
752 1144 947 1207 descendere
976 1142 1110 1208 nominis
1131 1144 1229 1225 ipsius
1252 1144 1303 1208 ri·

132 1240 134 1312 Σ
199 1249 331 1315 deantur
352 1252 528 1315 testimonia
550 1250 724 1330 declarare,
747 1257 848 1316 tamen
870 1259 900 1316 et
920 1252 1054 1335 insignia
1068 1259 1150 1318 tanta
1165 1254 1304 1317 circurn-

198 1364 296 1439 stant,
322 1368 354 1423 ut
378 1361 478 1424 nullus
499 1361 598 1442 possit
621 1361 782 1445 ambigere
803 1362 845 1424 'le
868 1361 907 1424 de
930 1360 1011 1424 illius
1033 1362 1183 1443 lampadis
1206 1361 1304 1426 clari-

198 1474 260 1533 tate
282 1469 404 1535 lucere:
427 1488 554 1535 secures
577 1472 657 1535 enim
682 1477 713 1535 et
736 1471 838 1535 lasces
863 1489 942 1553 quos
965 1472 1048 1535 illias
1071 1471 1186 1535 dicavit
1206 1473 1303 1557 genio

197 1578 373 1661 antiquitas,
398 1580 469 1644 Tuis
493 1581 636 1644 videntur
659 1581 765 1645 faleris
788 1581 940 1661 deputata,
964 1587 996 1642 ut
1019 1579 1203 1644 iurisdictio
1223 1598 1305 1645 con-

200 1706 291 1752 cessa
313 1689 364 1753 vel
387 1690 479 1754 tacita
501 1692 598 1772 possit
619 1691 788 1756 admonere
811 1691 998 1772 provincias.
1044 1690 1105 1754 Sed
1126 1690 1217 1771 quale
1236 1690 1304 1753 Tibi

132 1806 134 1810 “
198 1796 292 1861 debet
324 1816 396 1861 esse
427 1798 509 1879 quod
534 1798 656 1862 cumules
685 1798 808 1863 inclitas
839 1800 986 1881 probatur
1016 1800 1155 1871 ornaret,
1194 1798 1304 1862 Vultus

131 1943 133 1987 3
199 1906 373 1989 quinetiam
404 1906 598 1990 regnantium
620 1909 745 1989 geniata
768 1907 909 1989 obsequii
931 1927 1041 1990 pompa
1063 1908 1249 1989 praemittit,
1272 1914 1305 1971 ut

131 2007 134 2044 ι’
196 2031 263 2077 non
283 2015 382 2079 solum
404 2016 512 2079 summi
536 2015 667 2096 iudicis,
689 2017 745 2080 sed
768 2023 798 2079 et
826 2017 1018 2081 dominorum
1040 2017 1217 2082 reverentia
1247 2036 1305 2081 cu-

131 2143 133 2212 3
196 2123 329 2188 mulatua
351 2125 482 2188 orneris.
528 2124 709 2211 Omagnae
730 2127 961 2207 temperationis
983 2126 1155 2191 inventum!
1181 2126 1221 2190 de
1243 2142 1305 2190 no-

131 2228 133 2310 ξ
202 2235 285 2298 mine
308 2234 444 2298 consulis
471 2234 658 2315 promitteris
690 2234 964 2315 clementissimus,
998 2242 1028 2300 et
1061 2237 1100 2300 de
1130 2235 1305 2318 principum

130 2405 132 2421 ,
198 2345 334 2428 imagine
355 2345 546 2408 metuendus.
599 2343 632 2407 ln
662 2344 813 2426 aliquibus
846 2345 945 2408 adbuc
974 2347 1143 2428 prouinciis
1174 2352 1305 2410 ornatus

194 2454 338 2536 paenula,
363 2455 500 2537 carpenti
521 2455 611 2520 etiam
635 2455 838 2520 subvectione
861 2455 1041 2553 decoraris,
1064 2463 1096 2519 ut
1114 2455 1216 2523 multis
1242 2455 1303 2521 de·

130 2576 131 2581 ’
198 2562 333 2628 claretur
356 2563 481 2628 indiciis
497 2582 553 2644 per
575 2582 738 2646 expressas
756 2564 910 2648 imagines
925 2582 1028 2628 rarum
1048 2565 1134 2629 vices
1150 2565 1193 2628 Te
1206 2581 1303 2646 prae-

196 2670 301 2736 celsae
323 2690 437 2757 gerere
461 2673 631 2758 dignitatis.
677 2673 848 2737 Considera
870 2691 1014 2758 magnum
1031 2674 1205 2755 essequod
1229 2692 1303 2741 sua-

196 2779 285 2860 cipis,
310 2786 341 2843 et
356 2780 438 2843 nulla
455 2781 615 2844 criminum
631 2782 806 2846 deiectione
818 2783 948 2847 vitieris.
973 2784 1105 2848 nominis
1122 2783 1177 2846 'lui
1191 2790 1303 2848 auctor

128 2901 132 2926 ³
197 2889 291 2954 multa
314 2890 508 2954 conferendo
532 2892 744 2972 praedicatur:
774 2893 818 2956 Τιι
841 2912 902 2978 ago
929 2912 967 2957 ne
990 2893 1059 2957 ullis
1083 2893 1301 2975 cupiditatibus

197 3000 366 3080 accuseris,
388 3005 422 3062 ut
443 2999 470 3064 si
495 3000 571 3064 dare
592 3018 654 3063 non
673 3003 845 3082 praevales,
868 3009 952 3067 certe
975 3003 1018 3066 'le
1041 3002 1197 3067 moderari
1220 3004 1301 3069 velle

194 3109 344 3174 lestines:
366 3110 525 3192 proximus
548 3110 628 3174 enim
652 3110 783 3175 babetur
808 3112 933 3175 donanti
957 3112 997 3175 dc
1028 3130 1088 3194 quo
1111 3117 1212 3193 potest
1237 3113 1301 3177 dici

192 3216 363 3284 ‘abstinens
386 3226 433 3284 eat
456 3220 570 3304 iugiter
594 3213 716 3300 alieni'3
740 3228 825 3287 certe
848 3220 1048 3286 foedissimae
1071 3222 1301 3287 contrarietatis

195 3329 302 3392 vitium
328 3335 376 3395 est
396 3330 522 3394 studere
544 3330 632 3395 lurtis
652 3338 683 3395 et
704 3330 821 3396 babere
842 3332 1026 3396 vocabulum
1041 3331 1203 3417 largitatis.
1228 3333 1303 3397 Eri-

195 3446 249 3522 gat
270 3439 312 3503 nd
334 3439 454 3504 laudem
477 3441 559 3504 'luos
580 3442 717 3522 animos,
743 3441 824 3524 quod
845 3443 979 3507 vocaris.
1005 3459 1069 3505 aon
1093 3443 1137 3506 'le
1156 3443 1301 3524 proiecto

195 3550 313 3614 meritis
339 3551 487 3632 imparem
511 3550 590 3614 facis
612 3553 640 3615 si
664 3551 858 3633 turpissimae
886 3552 1062 3615 ambitionis
1085 3552 1197 3615 delicta
1229 3551 1299 3617 oal-

195 3660 334 3724 caveris:
357 3678 426 3724 nam
449 3678 575 3726 errores
596 3663 709 3727 noxios
730 3662 856 3727 vincere
879 3669 926 3726 est
956 3663 1030 3727 vitia
1053 3660 1210 3726 maculosa
1243 3678 1301 3727 au-

194 3787 317 3850 perme,
338 3777 368 3834 et
391 3772 450 3836 iste
471 3791 507 3837 re
528 3792 604 3837 vera
627 3774 727 3837 editus
750 3779 797 3837 est
814 3773 1005 3837 demonibus
1028 3773 1221 3837 consulatus:
1239 3790 1301 3841 nec

121 3898 124 3903 ·
195 3878 276 3942 enim
295 3881 448 3963 superflue
472 3883 701 3963 prudentissimi
723 3888 861 3947 retamim
886 3882 957 3946 talia
976 3883 1069 3947 rebus
1092 3882 1216 3947 nomina
1238 3884 1303 3947 im·

194 3997 379 4071 posuerunt,
414 3992 485 4054 dum
518 3993 728 4058 continentiae
764 4010 895 4076 magnae
923 3992 1097 4074 praesulem
1126 3992 1300 4073 provinciis

195 4097 352 4163 mitterent
373 4100 583 4168 Consularem.
633 4103 796 4185 Triumpho
818 4104 884 4167 iura
905 4101 1045 4184 publica,
1067 4102 1184 4185 largire
1207 4102 1302 4167 iusti-
