2918 4914
180 231 1413 348 amq

251 379 364 453 1162*
373 398 1346 450 dart.tunor.0ct.oae.xu1...x1.v1.oeruovlnunmoroutu.

248 600 373 664 rebant:
397 607 430 664 ut
450 619 524 664 ecee
541 599 709 681 Principem
732 618 771 662 ex
794 599 902 663 eodem
917 599 1028 664 Officio
1052 617 1158 664 omnes
1180 598 1350 677 habebant,

247 714 369 789 praeter
390 708 589 772 Consularem
615 709 815 791 Campaniae,
838 710 886 773 cui
908 711 965 792 ,dc
986 709 1097 775 Ollieio
1118 710 1161 773 Pl.
1173 710 1205 772 P.
1220 710 1347 774 ltaliae“
1436 732 1440 737 ·

249 818 378 882 dabatur
386 841 395 897 ;
417 819 498 885 idem
519 838 596 884 unus
616 820 867 885 Pronumerarios
889 821 1038 899 habebat;
1061 841 1078 884 a
1099 820 1223 884 Libellis
1246 821 1347 885 habe·
1455 896 1457 903 Ι

246 927 299 991 bat
320 928 497 993 Consularis
519 930 729 1008 Palaestinae,
761 930 858 1012 qualis
884 931 915 992 in
945 931 1073 1013 reliquis
1105 931 1348 995 clarissimorum

248 1039 358 1103 officiis
380 1057 443 1102 non
464 1047 663 1120 recensetur;
683 1041 888 1104 Subadiuvam
904 1041 1036 1105 nonnisi
1059 1041 1090 1103 in
1107 1040 1347 1105 occidentalium

245 1149 388 1234 legimus.
432 1150 465 1214 ld
488 1153 623 1215 omnium
646 1151 911 1215 Cohortalinorum
934 1152 1042 1214 borum
1056 1151 1235 1244 Officiorum
1259 1169 1350 1216 com-

247 1279 337 1324 mune
363 1261 438 1342 luit,
459 1268 491 1324 ut
515 1260 554 1324 ad
583 1261 672 1325 aliem
694 1261 831 1324 militiam
852 1263 920 1325 sine
943 1263 1141 1325 annotatione
1164 1261 1349 1325 clementiae

246 1371 423 1452 principalis
436 1358 483 1434 'iis
505 1373 637 1436 transire
659 1390 721 1434 non
741 1372 859 1435 liceret.
871 1410 908 1418 —
927 1372 1135 1436 Gotholredus
1158 1373 1196 1435 de
1218 1372 1268 1435 his
1288 1372 1350 1437 Ol-

246 1478 324 1541 liciis
336 1479 577 1558 Officialibusve,
590 1481 839 1562 Apparitionibus
852 1481 1136 1562 Apparitoribusve,
1158 1480 1266 1544 blilitia
1280 1481 1350 1542 sive

246 1587 460 1653 cohortalibus
483 1590 533 1654 vel
554 1590 759 1654 Cohortalinis
785 1591 921 1654 ludicum
942 1591 1009 1654 sive
1031 1593 1194 1655 Raetorum
1215 1590 1351 1671 provin·

246 1700 379 1779 ciarum,
402 1719 441 1764 ex
461 1700 515 1763 Th.
530 1699 563 1763 G.
579 1701 611 1763 in
630 1701 742 1765 Notitia
765 1700 870 1785 dignn.
893 1700 931 1764 ad
953 1700 1084 1764 eundem
1108 1702 1276 1782 composita
1300 1709 1347 1780 (p.

245 1808 296 1873 31.
313 1827 359 1891 sq.
371 1808 420 1873 ed.
433 1811 531 1892 Lips.)
546 1810 624 1874 haec
646 1811 795 1874 enotavit:
812 1812 886 1892 ,Per
907 1811 963 1875 bos
984 1817 1094 1875 statuta
1116 1810 1350 1892 complebantur

246 1926 278 1984 et
299 1900 478 1984 necessaria
500 1921 737 2004 peragebantur.
771 1927 859 1985 erant
879 1927 978 1984 autem
1001 1921 1033 1983 hi
1054 1922 1191 2002 perpetui
1215 1920 1247 1983 in
1269 1937 1349 2002 pro-

246 2030 368 2111 vinciis,
393 2048 493 2112 neque
509 2030 644 2095 Iudicem
661 2048 749 2094 suum
766 2030 912 2095 deserere
928 2036 1078 2111 poterant.
1102 2033 1252 2094 Annonas
1269 2048 1349 2093 con-

246 2141 452 2222 sequebantur
472 2160 490 2205 e
513 2141 600 2221 fisco,
623 2142 759 2223 exceptis
777 2141 1000 2223 Exceptoribus
1020 2143 1104 2224 [„qui
1127 2159 1186 2205 nee
1209 2140 1349 2204 militiam

246 2251 473 2332 sustinent...“
495 2251 551 2314 sed
574 2252 693 2332 „munia
715 2252 859 2333 propriae
882 2251 1014 2313 civitatis
1037 2256 1228 2334 agnoscere“
1248 2251 1349 2315 debe-

244 2359 343 2445 bant].
399 2360 500 2425 Vestis
516 2378 622 2424 eorum
637 2379 692 2424 seu
707 2361 842 2425 babitus:
864 2360 1000 2442 penulati
1013 2366 1115 2440 erant3
1139 2359 1349 2425 discoloribus

244 2468 344 2551 palliis
358 2475 485 2553 pectora
500 2470 656 2553 tegebant,
671 2477 704 2533 ut
717 2488 756 2532 ex
770 2470 819 2532 bis
838 2469 1107 2553 dignoscerentur,
1121 2469 1351 2533 observabant-

247 2598 307 2664 que
328 2598 384 2645 seu
402 2580 603 2644 obfirmabant
626 2579 756 2663 cingulis
785 2581 964 2643 interiorem
985 2585 1112 2643 vestem.
1169 2581 1350 2665 Suggerere

246 2690 400 2755 ludicibus
421 2690 509 2773 leges
532 2692 639 2772 eisque
663 2690 815 2753 obsistere
837 2708 996 2771 perperam
1018 2690 1178 2774 agentibus
1195 2696 1226 2751 et
1240 2689 1279 2752 ab
1297 2690 1351 2752 in-

245 2799 335 2862 licitis
363 2797 518 2862 deducere
546 2798 714 2876 debebant;
743 2797 877 2880 alioquin
910 2799 1130 2879 puniebantur,
1164 2798 1348 2866 nominatim

244 2908 376 2972 Adiulor
396 2915 427 2971 et
448 2906 633 2972 Subadiuva.
669 2908 804 2971 Muneris
826 2926 882 2971 seu
903 2907 998 2971 officii
1014 2926 1119 2973 eorum
1141 2914 1230 2972 erant
1252 2909 1348 2972 haece

245 3018 363 3083 ordinis
380 3018 560 3101 dignitatum
582 3015 728 3082 servandi
751 3035 835 3080 cura.
878 3018 1031 3082 Locorum
1052 3018 1224 3099 aPrinoipe
1246 3019 1350 3080 dona-

246 3136 345 3194 torum
367 3130 596 3212 possessionem
615 3127 782 3192 donatariis
805 3127 975 3191 tradebant.
1021 3129 1068 3193 Ad
1091 3135 1248 3211 separatas
1269 3146 1350 3210 pro-

245 3240 416 3306 vinciarum
438 3247 635 3322 secretasque
656 3244 759 3321 parles
781 3240 967 3303 necessariis
990 3260 1029 3303 ex
1052 3240 1154 3303 causis
1178 3240 1348 3320 aliquando

247 3352 468 3438 dirigebantur,
490 3352 582 3433 inque
600 3369 668 3415 euna
692 3349 782 3412 linem
803 3350 892 3413 binas
909 3368 1025 3413 annuas
1048 3352 1224 3414 evectiones
1246 3351 1285 3414 iis
1303 3350 1349 3414 Pl.

245 3462 276 3524 P.
293 3462 437 3526 iaciebat.
481 3461 514 3523 ln
539 3478 646 3522 munus
667 3458 791 3541 aliquod
813 3460 871 3523 nisi
893 3460 1034 3541 Principe
1057 3459 1159 3537 Officii
1181 3459 1349 3523 ordinante

246 3572 322 3635 mitti
347 3589 409 3634 non
433 3576 583 3653 poterant.
626 3569 799 3653 Exigebent
825 3569 957 3648 tributa,
980 3570 1114 3648 tirones,
1139 3569 1348 3649 potentiorum
1405 3596 1408 3603 ·

245 3698 459 3761 possessorum
484 3680 610 3759 domos,
634 3679 806 3745 senatorias
831 3679 1015 3743 functiones.
1059 3679 1215 3760 blancipes
1238 3696 1350 3742 cursus

246 3789 359 3871 publici
380 3790 489 3867 electi3
512 3790 701 3871 mancipatus
729 3808 801 3854 cura
823 3789 860 3853 ad
886 3788 1042 3856 Officiales
1065 3789 1201 3853 iudicum
1222 3794 1352 3852 velera·

247 3917 305 3963 nos
329 3918 384 3964 seu
407 3902 552 3965 emeritos
577 3900 759 3983 quandoque
780 3902 918 3981 redacta,
940 3901 971 3961 in
995 3900 1164 3963 subsidium
1179 3898 1217 3963 ad
1240 3899 1351 3963 curia-

246 4009 309 4089 les,
334 4016 396 4073 tum
416 4011 455 4074 ad
483 4011 540 4074 bos
563 4010 593 4072 id
625 4012 794 4075 reductum.
828 4009 1056 4092 compulsores.
1091 4011 1294 4090 susceptores
1318 4015 1351 4074 et

247 4120 414 4202 praepositi
431 4120 621 4184 horreorum.
646 4123 846 4204 susceptores
856 4121 997 4185 vestium.
1042 4119 1352 4202 Velitabissequen-

247 4230 307 4294 tia:
332 4229 425 4293 debiti
450 4249 536 4294 reum
557 4249 646 4312 quem
668 4233 836 4296 Rationalis
857 4232 998 4296 Ollicium
1020 4231 1058 4294 ad
1082 4230 1266 4295 solutionem
1288 4249 1352 4297 co-

247 4340 303 4426 git,
316 4341 470 4406 abducere
479 4363 490 4422 ;
508 4341 547 4405 ad
559 4344 662 4405 matris
677 4342 808 4407 familias
821 4342 954 4422 domurn,
977 4341 1015 4405 ad
1032 4360 1098 4405 eam
1114 4341 1349 4427 extrahendam,
