2918 4914
254 375 346 453 850*
360 377 1115 463 1111011111οῆοοο.611.371.ονιοω111.ι.
1137 400 1364 452 caranum.

251 597 431 661 Pancirolus
453 598 636 678 provocavit
657 596 829 680 [ll.8(9).]
846 604 965 663 constat
988 598 1108 664 mendis
1130 598 1294 678 laborare3
1316 606 1366 675 est

253 714 353 772 aulem
373 707 440 770 hic:
472 709 535 789 Τῆς
559 703 704 791 disrupti
729 706 783 771 τὸν
802 702 915 790 Ῥῆνον
934 704 1047 788 χώρας
1077 705 1097 792 ἦ
1119 712 1179 789 μὲν
1208 705 1274 773 α’πὸ
1300 712 1365 773 θα·

252 815 371 901 λα’σσνγς
403 818 502 897 μέχρι
531 817 588 878 τοῦ
616 816 764 899 Ὀβρίγκο
793 816 900 898 [vulgo
930 815 1100 902 'Odpc'yyu,
1129 817 1170 882 al.
1192 817 1364 901 Ὀβρίγμα,

250 924 412 1008 Ὀμβρίκα,
430 923 616 1008 Ὀμβρῦγγα]
640 928 785 1009 ποταμοῦ
807 931 950 990 καλεῖται
971 926 1002 990 Γ
1000 924 1138 1007 ερμανία
1163 922 1182 1008 ἦ
1205 928 1308 1009 τοῦτον,
1330 927 1364 993 ἐν

249 1028 271 1131 ᾗ
292 1033 403 1110 πόλεις
427 1032 491 1098 σ’πό
515 1037 646 1116 δυσμῶν
665 1037 720 1101 τοῦ
737 1031 852 1119 Ῥήνου
878 1037 1025 1118 ποταμοῦ
1044 1042 1108 1103 τοῖν
1121 1039 1182 1118 μὲν
1198 1039 1364 1103 Bormani!

249 1145 417 1229 μεσόγειος
439 1142 700 1228 Βαταυόδουρον.
744 1140 802 1231 ὑφ’
825 1141 862 1229 ἣν
880 1145 1024 1231 Οῦέτερο
1046 1148 1156 1229 λτγίοον
1175 1145 1199 1210 λ’
1218 1148 1364 1227 Ου’λπτά,

253 1247 322 1320 εἶτα
341 1253 600 1339 Ἀγριππινησίς,
629 1246 696 1318 εἶτα
714 1251 822 1319 Βόννα
848 1254 900 1340 [al.
922 1256 1029 1338 Βόνα,
1050 1252 1179 1339 Βοῦννα]
1205 1255 1363 1340 λεγίωνά

250 1361 437 1451 Ἀθηναϊκὴ,
467 1355 534 1430 εἶτα
561 1363 705 1453 Τραϊανή,
728 1368 860 1448 λογίων,
883 1359 951 1431 aira
979 1367 1210 1433 Moaoau'aaoa.
1250 1361 1294 1433 Ἡ
1326 1370 1363 1435 δῦ

251 1472 315 1539 α’πό
335 1477 393 1538 τοῦ
410 1473 558 1556 Ὀβρίγκα
581 1477 730 1553 ποταμοῦ
752 1470 828 1557 πρὸς
848 1474 1052 1558 μεσημβρίαν
1072 1481 1216 1541 καλεῖται
1228 1476 1262 1540 Γ
1258 1499 1363 1559 τομα-

250 1586 304 1650 νιά
330 1579 347 1665 ἧ
372 1580 456 1665 dae,
480 1584 513 1645 ἐν
533 1572 552 1668 ᾖ
573 1580 683 1655 πόλεις
704 1582 890 1667 ἀρχομένων
920 1582 982 1649 dud
1008 1589 1067 1649 τοῦ
1086 1585 1238 1669 ’oppetat
1259 1607 1363 1650 ποτα-

250 1695 316 1775 μοῦ
348 1693 503 1771 Νεμετοῦν
530 1692 590 1772 μὲν
620 1689 1035 1781 Νοοὸμαγος,Ῥουφιοίνα·
1084 1689 1292 1779 Ουάγγιόνων
1325 1697 1362 1773 δὲ

250 1799 516 1887 Βορβητόμαγος,
537 1798 779 1885 Ἀργεντόροτον
800 1802 912 1885 λεγιόον
930 1801 947 1885 ἡ
966 1804 1123 1884 σεβοστή·
1144 1801 1311 1885 Τριβόκαν
1327 1805 1362 1869 δὲ

250 1905 499 1995 Βρευκόμαγος,
518 1899 687 1994 Ἔλκηβος·
710 1908 891 1993 Ῥαυρικοῦν
914 1913 949 1974 δὲ
971 1909 1148 1993 Λῦγοῦστα
1166 1911 1362 1997 Ῥαυροκοῖν,

246 2014 517 2108 Ἀργεντουαριάζ
545 2017 622 2084 Ὑπὸ
641 2023 676 2087 δὲ
696 2019 827 2096 τούτους
846 2019 902 2085 κατ’
918 2016 992 2098 τοῦς
1008 2020 1157 2099 Λευκοῦς
1177 2020 1362 2109 παρήκουσι

251 2131 412 2214 Λόγγονες
426 2156 455 2195 κ.
467 2157 493 2198 a.
506 2138 535 2195 λ.
546 2132 585 2219 de
608 2149 669 2212 quo
691 2130 763 2194 loeo
786 2130 877 2194 etiam
899 2137 972 2194 nota
984 2133 1027 2172 *⁴*
1040 2150 1069 2213 p.
1082 2132 1170 2195 595⁴.
1184 2150 1232 2219 sq.
1245 2133 1362 2198 conie-

152 2232 154 2237 ’
250 2242 348 2321 renda
372 2248 429 2306 cst.
474 2242 582 2307 Obiter
603 2258 717 2304 moneo
741 2240 779 2304 de
802 2240 915 2305 Isidori
938 2241 1142 2322 confusione,
1167 2241 1361 2325 Etymxlu

250 2353 320 2433 4,4.
334 2352 438 2433 „Duae
460 2358 531 2415 sunt
551 2359 651 2417 autem
674 2351 876 2431 Germaniae,
900 2351 1048 2434 Superior
1067 2351 1151 2417 iuxta
1169 2353 1363 2435 septentrio-

250 2463 351 2527 nalem
375 2480 536 2542 oceanum‚
561 2463 694 2527 lnlcrior
719 2463 804 2526 circa
822 2461 991 2529 Rhenum‘.
1166 2458 1171 2468 ‘

336 2573 422 2647 Quae
453 2573 491 2637 de
518 2572 694 2655 legionibus
717 2572 896 2636 Pancirolus
927 2570 1043 2650 effutit,
1075 2577 1107 2634 ut
1129 2571 1242 2654 cuique
1268 2589 1361 2665 quma

250 2681 329 2746 lalsa
348 2683 419 2763 sint,
443 2682 607 2764 adspicere
627 2683 660 2744 in
681 2688 823 2765 promptu
840 2681 891 2763 sit,
915 2701 954 2746 ex
969 2681 1019 2745 ed.
1030 2682 1137 2749 Venel.
1151 2701 1178 2746 a.
1194 2680 1287 2747 1593.
1299 2701 1362 2764 pu-

249 2791 365 2856 blicata
387 2799 495 2875 repeto
521 2799 681 2857 accurate:
704 2792 880 2877 „Augustus
894 2792 926 2861 in
944 2792 1107 2859 Germania
1128 2790 1296 2873 Superiora
1320 2792 1361 2857 ad

249 2902 422 2967 Danubium
445 2909 575 2983 quatuor
590 2902 732 2986 legiones
754 2902 913 2971 locauerat
932 2902 984 2966 Xl.
994 2902 1177 2985 Augustam,
1191 2900 1286 2973 Xllll.
1297 2901 1362 2967 Ge·

249 3015 373 3093 minam‚
396 3015 490 3093 Piam,
509 3014 656 3093 Fidelem,
683 3013 776 3078 Xllll.
792 3013 951 3075 Geminam
970 3012 1111 3077 Martiam
1132 3010 1311 3090 Victricem,
1333 3016 1361 3083 d

249 3124 329 3191 XVI.
343 3124 486 3188 Claudius
500 3124 551 3187 Xl.
559 3126 731 3206 Augustam
748 3123 779 3185 ia
793 3122 980 3193 Britanniam
1003 3140 1069 3195 asa
1082 3122 1242 3190 subactam
1254 3126 1361 3185 trans-

248 3236 327 3316 tulit,
352 3253 419 3317 qum
445 3254 513 3297 cum
534 3233 615 3299 bello
638 3234 723 3297 ciuili
744 3233 867 3297 Vitellio
891 3233 1101 3312 adhaesisset,
1126 3234 1143 3299 d
1165 3233 1359 3314 Vespasiano

248 3364 304 3429 per
330 3345 454 3428 Illyrica
477 3352 524 3410 est
546 3345 706 3427 dispersa,
729 3343 810 3415 Xlll.
826 3344 955 3415 Gemina
977 3344 1009 3405 in
1032 3343 1221 3408 Pannoniam
1248 3343 1360 3413 trada-

251 3464 311 3538 cta,
335 3456 433 3538 primo
459 3461 485 3520 dc
504 3457 569 3537 ipsa
592 3473 648 3537 pro
664 3455 787 3518 Vitellio
809 3455 973 3537 pugnauit:
996 3453 1117 3516 Exinde
1139 3472 1157 3516 a
1179 3453 1304 3516 Nerone
1327 3452 1359 3515 iu

250 3568 430 3632 Dalmatiam
455 3566 598 3645 deducta,
622 3583 678 3647 pro
703 3564 826 3629 Othone
848 3566 881 3627 in
902 3563 1019 3626 ltaliam
1043 3564 1144 3638 venit3
1166 3579 1227 3643 quo
1250 3562 1358 3626 occiso

251 3678 283 3741 in
305 3677 493 3740 Britanniam
515 3693 653 3754 reuersa,
676 3674 797 3741 demum
819 3674 851 3737 in
871 3673 1065 3754 superiorem
1089 3671 1286 3748 Germaniam
1304 3689 1360 3747 rp-

251 3785 316 3848 diit.
340 3785 420 3847 xvl.
437 3803 505 3846 cum
529 3803 584 3864 pro
607 3783 732 3846 Vitellio
761 3788 948 3865 pugnasset,
972 3781 1094 3852 landam
1116 3781 1149 3853 in
1175 3797 1233 3844 sua
1255 3786 1358 3849 castra

251 3901 298 3960 est
320 3894 479 3958 remissa“.
506 3885 620 3957 Nemo
643 3893 735 3957 facila
756 3913 795 3956 ex
812 3892 1012 3956 eiuscemodi
1033 3891 1200 3955 verborum
1222 3890 1357 3955 sericea

250 4010 460 4088 recognoscet
490 4022 569 4086 quae
592 4004 671 4085 apud
702 4004 831 4066 Dionem
855 4002 940 4065 Gass.
955 4001 1076 4066 leid.
1090 4019 1136 4082 sq.
1154 4000 1252 4064 rolata
1274 4004 1355 4079 sunl,

251 4116 308 4181 sed
331 4134 409 4198 quac
431 4133 558 4196 parvum
587 4115 708 4197 pondus
732 4112 770 4176 ad
794 4131 899 4176 corum
922 4119 1092 4194 temporum
1114 4111 1293 4191 historiam,
1317 4109 1356 4172 de

251 4227 360 4311 quibus
384 4227 473 4290 nobis
498 4225 652 4308 agendum
676 4229 732 4303 est,
755 4222 969 4305 explicandam
990 4222 1113 4286 liabent.

338 4338 423 4401 l’AG.
448 4340 542 4407 1101.
563 4337 608 4412 lt.
623 4335 651 4398 3.
666 4345 727 4416 sq.]
748 4333 834 4397 Hanc
855 4332 1011 4401 rubricam
1034 4332 1125 4397 etiam
1148 4331 1293 4409 Andreas
1315 4329 1354 4399 db
