2918 4914
89 249 1329 313 tamam-a

89 304 95 368 ἱ
190 402 263 458 uur-
273 405 437 459 1xnu.uu
450 384 611 460 enoc&
628 389 656 473 l.
669 387 730 461 28.
743 404 861 458 ...aaa
870 384 949 459 96¹¹.
959 389 1141 484 itiaqq.
1162 384 1252 463 707*

143 592 310 675 deductum
331 626 402 673 esse
425 608 554 691 opiner,
576 598 633 673 sed
653 627 718 674 sec.
734 608 903 674 TabPeut.
922 608 1106 674 Gardellaca
1130 628 1149 674 a
1170 609 1251 674 Bre-

140 720 272 803 getioue
299 718 413 799 XVlll,
437 718 476 783 ab
497 717 619 783 Aciuco
645 718 729 784 XXV
743 719 783 784 bl.
794 720 824 782 P.
838 719 966 800 distilit,
986 725 1020 781 ut
1048 720 1151 800 itaque
1173 718 1250 785 situs

143 831 210 895 lere
243 847 312 893 cum
336 829 488 893 hodierno
517 826 661 911 Neudors
688 829 727 893 ad
756 829 929 894 Danubium
957 847 1050 911 supra
1079 829 1166 891 Gran
1189 829 1248 909 (cl.

142 939 257 1005 blarsil.
275 941 298 1003 1.
310 940 371 1004 tab.
382 938 436 1019 V.)
450 941 624 1004 conveniat.
675 939 785 1003 Lanius
805 940 1011 1021 undecunque
1038 938 1177 1003 collectis
1193 933 1250 1003 ‘lo-

143 1067 250 1114 corum
266 1066 342 1131 quos
364 1049 431 1131 ipse
448 1050 684 1131 municipiorum
705 1048 858 1114 vocabulo
881 1050 1058 1131 promiscue
1080 1049 1249 1133 designare

142 1161 251 1228 solitus
272 1168 358 1241 erat,
380 1162 555 1226 nominibus
578 1161 709 1245 singudis
738 1179 826 1225 suum
846 1161 914 1225 sive
941 1178 1005 1224 non
1036 1179 1123 1225 suum
1146 1161 1249 1227 locum

144 1273 175 1335 in
194 1271 299 1353 aliquo
322 1272 474 1336 hodierno
498 1272 609 1354 oppido
627 1292 652 1336 s.
670 1273 740 1336 vico
764 1272 945 1352 attribuens,
967 1271 1033 1336 xil.
1046 1272 1077 1352 3,
1090 1273 1121 1337 8.
1139 1273 1250 1355 ,equi-

144 1383 231 1448 dem“
261 1383 304 1447 ait
325 1383 578 1465 ,Candebiaucae
600 1383 733 1466 vestigia
756 1388 921 1465 supersunt
943 1383 974 1446 iu
1003 1385 1102 1449 ruinis
1125 1391 1249 1466 praeter

144 1499 268 1558 caetera
290 1494 458 1574 conspicuo
479 1493 550 1557 loco
572 1500 602 1557 et
621 1494 653 1556 in
677 1492 757 1558 colle
769 1494 899 1572 sit0,‚ut
914 1494 980 1558 lere
997 1495 1099 1558 omnia
1110 1496 1249 1560 Romana

143 1596 307 1684 municipia
328 1610 433 1682 orant,
456 1605 538 1685 quod
559 1601 689 1684 Friburp
713 1603 835 1667 incolae
857 1610 989 1683 vocant,
1015 1604 1047 1667 iu
1081 1606 1156 1686 ipsis
1181 1604 1250 1670 Au·

143 1713 236 1777 striae
261 1719 291 1775 er
313 1714 433 1795 Styriaa
454 1713 575 1792 linibus,
594 1714 647 1776 ubi
669 1714 779 1776 lluvius
804 1715 1026 1795 praeterfluens
1049 1717 1164 1781 veteris
1186 1734 1249 1780 uo-

142 1824 351 1888 menclaturae
373 1824 512 1888 umbram
535 1805 666 1904 retinet,
689 1830 795 1906 utpote
817 1824 1015 1904 decurtatae,
1039 1825 1176 1906 Bpncom
1198 1827 1250 1890 in-

142 1933 231 1997 colae
252 1934 425 1997 nominaut.
449 1981 455 1995 .
480 1940 505 1994 .“
1171 2006 1178 2014 Ι

229 2080 268 2092 -
289 2045 334 2120 ti.
350 2045 378 2106 7.
402 2053 484 2124 squ]
505 2040 647 2122 Lepioaie
659 2039 781 2103 Primae
790 2040 971 2104 Adiutricis.
1015 2044 1169 2127 Legiones
1180 2045 1249 2108 Pri-

141 2173 210 2219 mae
225 2162 267 2231 (s.
284 2154 434 2230 Primani)
454 2151 626 2232 complures
650 2152 772 2216 luerunt
779 2173 788 2230 ;
812 2151 1002 2239 Borghesius
1030 2152 1123 2230 (suite
1142 2153 1247 2218 meru.

142 2263 289 2326 liemdet
299 2263 394 2324 lieno.
411 2263 498 2325 Rom.
515 2261 605 2325 1839.
617 2262 658 2325 8⁰.
676 2279 705 2342 p.
720 2264 768 2326 14.
780 2271 864 2343 sqq.)
875 2262 913 2325 de
930 2262 1037 2342 tribus,
1053 2263 1154 2327 Prima
1170 2265 1248 2329 sim-

140 2373 263 2455 pliciter
287 2371 446 2454 appellata,
468 2371 507 2434 de
520 2371 681 2450 Minervio,
706 2378 737 2434 et
757 2371 796 2434 de
814 2372 874 2435 bac
897 2370 1070 2452 Adiutrice,
1095 2379 1186 2456 alque
1208 2373 1248 2440 de

89 2488 91 2561 ξ
141 2482 201 2546 bac
231 2481 354 2564 quidem
384 2491 479 2563 (quae
508 2482 540 2544 in
572 2481 725 2563 lapidibus
756 2482 847 2545 etium
871 2505 1019 2546 unrvrarx
1040 2506 1090 2546 rra
1115 2507 1249 2566 ernanus,

139 2618 205 2657 um.
223 2618 264 2656 uls
289 2617 340 2656 ΗΑ
363 2614 493 2670 ribubus,
514 2616 577 2655 ΑΜ.
591 2616 617 2655 P.
629 2616 656 2660 F.
669 2614 894 2668 autoritatibus,
918 2617 1248 2660 enumeraveram

140 2701 323 2785 appellatur,
348 2708 380 2764 ut
393 2701 587 2766 Cardinalius
608 2702 835 2783 comprobavit)
846 2703 892 2765 sio
907 2701 1059 2784 disputat:
1084 2702 1149 2785 ,bc
1162 2712 1249 2770 terre

141 2811 219 2875 delle
238 2812 348 2894 lepiorti
372 2812 489 2891 prime,
514 2812 546 2874 dt
569 2811 619 2874 coi
639 2813 668 2874 si
695 2812 796 2875 donoc
818 2813 1002 2876 mouumenti
1031 2812 1082 2876 sul
1104 2814 1208 2895 lieno,
1231 2819 1249 2882 d

138 2920 323 2986 l’Adiutrice
342 2923 396 3002 pid
416 2921 571 2984 illustrato
593 2922 646 2985 dol
666 2929 752 2985 conte
773 2922 943 2984 uramara·
967 2921 1052 3000 (Aru
1068 2924 1123 3006 ¹dcl
1143 2932 1248 2989 murco

140 3030 260 3111 Nerui),
286 3052 303 3093 e
326 3032 378 3095 dcl
398 3032 444 3094 cb.
465 3031 625 3095 Curdiuoli
648 3032 798 3113 (Diplomi
808 3050 842 3112 p.
858 3033 900 3096 39
916 3034 1031 3112 [....dl.
1049 3035 1088 3098 ad
1112 3034 1247 3118 diploma

138 3143 273 3207 militare
296 3142 411 3206 Galbae
434 3143 548 3224 impu.
562 3143 767 3223 68.datum]).
796 3141 872 3205 Euri
893 3143 922 3205 ci
942 3143 1045 3206 banuo
1066 3144 1146 3208 deito
1163 3165 1248 3210 come

138 3255 228 3336 forae
248 3253 390 3315 errotutu
411 3253 451 3314 dc
473 3251 595 3315 Nerone
614 3254 668 3334 fro
693 3253 705 3314 i
727 3253 884 3333 uacuare,
905 3272 922 3315 e
943 3253 1098 3316 ricecesre
1119 3257 1247 3336 t’cquita

138 3364 180 3427 do
201 3363 301 3426 Galba
323 3363 377 3440 [cl.
399 3361 891 3446 inlraadp.114*.ii.26.sq.]:
916 3381 1068 3444 cemeper
1089 3365 1121 3427 lo
1140 3367 1246 3446 primu

137 3475 224 3537 eolla
245 3491 402 3554 papauere
430 3480 509 3535 sotto
532 3473 661 3550 Ottone,
690 3472 770 3535 edu
799 3470 913 3537 Vitellio
933 3476 1019 3555 [aare
1038 3476 1185 3541 mendcio
1211 3478 1245 3541 r'u
1359 3485 1368 3503 ¹

140 3582 294 3664 lepopuo:
317 3581 389 3644 onai
400 3583 427 3643 u
439 3582 605 3645 Gueruieri
626 3583 668 3645 bc
689 3582 852 3646 ruccoltoi
871 3583 982 3646 mermi
1004 3584 1175 3667 spupuualr,
1190 3589 1247 3663 cde

137 3693 235 3774 senno
255 3691 482 3755 rirnembrouzu
502 3692 533 3754 di
553 3691 600 3754 tei.
627 3690 657 3754 lt
665 3691 794 3755 Birnurd
806 3688 927 3774 (dloffei
936 3692 1016 3757 uec.
1031 3692 1097 3757 Ver.
1105 3713 1137 3775 p.
1150 3697 1241 3780 348.)

138 3803 228 3866 culed
248 3802 303 3865 cbe
317 3801 461 3866 Marcione
483 3803 514 3865 le
530 3802 731 3866 ricbiemasse
751 3783 832 3866 dite
849 3821 909 3883 per
931 3803 1115 3868 combultere
1136 3814 1242 3872 centro

138 3913 237 3978 Civile
264 3915 346 3976 uelle
366 3913 551 3992 Germania,
573 3914 724 3993 lideodoci
745 3914 825 3977 detto
845 3915 931 3996 sciro
956 3915 1072 3979 uzone
1100 3925 1188 3984 sexta
1211 3927 1242 3985 el

138 4025 249 4106 prima,
274 4023 329 4086 ebe
349 4024 378 4085 ai
400 4040 500 4086 avene
523 4025 574 4086 aet
594 4044 619 4087 c.
637 4025 688 4090 68.
706 4024 739 4088 b.
752 4015 805 4088 IV.
821 4026 852 4089 di
879 4027 988 4090 olcaoe
1010 4027 1141 4091 ediziooi
1161 4030 1241 4093 delto

138 4135 238 4197 stoma
258 4133 289 4196 di
314 4133 434 4196 Tacita:
453 4151 504 4196 mc
524 4136 541 4196 d
561 4135 727 4199 indubitato
749 4137 873 4200 dovera
888 4138 1044 4221 proseriae
1066 4139 1099 4203 lu
1116 4140 1240 4221 culpate
1272 4186 1275 4191 -

139 4251 226 4309 sexta
249 4251 279 4307 et
301 4245 435 4308 decima:
459 4245 514 4308 ebe
531 4246 634 4308 ricece
652 4248 747 4327 pierre
765 4249 921 4331 conferma
939 4249 980 4314 do
1000 4249 1054 4313 eid
1068 4250 1123 4313 ebe
1143 4250 1241 4330 ripeta

138 4357 168 4419 lo
189 4355 304 4418 elorico
324 4356 375 4417 raet
393 4355 428 4426 b.
445 4355 475 4419 V.
492 4377 517 4421 c.
531 4357 581 4422 19.
611 4357 784 4424 Tottccolto
805 4368 868 4424 bau
885 4361 950 4443 pue'
970 4361 1095 4444 repersi
1115 4360 1169 4433 obe
1188 4360 1239 4425 rie
