2918 4914
129 429 131 484 ,
194 389 286 469 684*
327 418 444 469 sanor.
460 420 500 467 aa
514 418 589 468 aar.
605 419 677 468 occ.
692 418 761 468 cua.
774 419 867 468 xxxa.
894 417 1162 469 avxemaoamr.

192 614 255 680 bae
278 635 395 682 comma
417 635 479 680 nan
498 624 585 682 recte
600 619 696 700 priori
717 624 889 697 assuerunt,
911 624 945 680 nt
962 617 1065 700 paullo
1082 623 1155 683 aute
1176 617 1289 681 manui.

193 762 234 775 --
253 725 445 808 Epeteasium
463 726 507 807 a,
536 728 745 808 Aepetaatiam
764 727 807 807 6,
834 728 945 790 classis
971 729 1123 811 operatium
1149 743 1197 792 aa.
1246 727 1292 792 De

192 836 307 919 depeta
329 839 447 902 Daciae
468 838 611 920 Ripensis
640 839 724 915 (Not.
741 839 794 903 Or.
808 857 835 901 c.
850 837 991 902 XXXIX.
1004 848 1034 918 s.
1050 839 1072 903 1.
1084 840 1125 903 A.
1138 839 1188 918 8.,
1213 836 1290 903 ce

192 954 223 1011 et
236 950 303 1027 19.)
319 948 357 1011 ad
371 949 440 1013 Not.
452 949 504 1013 Or.
515 966 545 1029 p.
558 946 688 1030 illisa.
705 955 768 1011 not.
783 950 831 1011 19.
845 949 1074 1030 disputavimus.
1103 947 1208 1030 possis
1230 964 1289 1030 pa·

193 1062 260 1122 tare
299 1059 436 1123 Classem
472 1057 635 1122 Secundae
667 1059 843 1122 Pannoniae
876 1059 914 1123 ab
948 1059 1122 1140 antiquiore
1157 1058 1291 1123 statione

190 1169 369 1248 ordinaria,
404 1186 494 1249 quam
531 1169 670 1250 Aegatae
705 1168 885 1248 habuisset,
922 1168 1143 1251 Aegeteusium
1178 1166 1290 1232 dictam

190 1279 297 1343 luisse.
325 1279 457 1343 tortasse
472 1296 548 1341 vero
570 1296 622 1342 res
645 1279 692 1341 sic
713 1279 813 1360 potius
837 1277 1020 1359 explicanda
1040 1296 1112 1341 esse
1134 1276 1289 1343 uideatur:

150 1416 153 1421 ·
188 1389 414 1453 Praefecturam
436 1387 524 1451 buius
538 1387 652 1452 Classis
664 1388 818 1452 Histriaae
832 1388 924 1451 moda
945 1388 1029 1465 (siue
1051 1387 1179 1452 alternis
1202 1387 1289 1451 arania

73 1538 79 1546 ι
188 1499 256 1563 sive
281 1498 349 1562 aliis
369 1499 576 1587 temporibus)
596 1498 736 1581 Aegatae
768 1497 864 1571 [uisse
884 1498 940 1561 sub
964 1497 1167 1579 dispositione
1192 1497 1288 1561 Ducis

188 1608 304 1673 Daciae
325 1609 477 1690 Ripensis,
501 1608 592 1672 modo
616 1609 734 1674 Sisciae
756 1608 812 1671 sub
835 1607 1040 1690 dispositione
1056 1607 1151 1673 Ducis
1164 1587 1289 1672 Panno-

189 1718 260 1781 niae
280 1717 457 1795 Secundae3
486 1717 619 1798 indeque
648 1717 762 1780 iactum
790 1734 878 1796 esse,
906 1723 940 1779 ut
967 1723 1099 1799 utraque
1127 1717 1200 1781 loco
1231 1715 1287 1781 aab

139 1892 142 1897 .
187 1835 317 1910 utraque
336 1828 423 1892 Duce
446 1833 494 1904 (et
504 1828 573 1892 Not.
590 1828 642 1891 Or.
657 1845 685 1909 p.
701 1827 770 1891 109.
784 1845 866 1890 num.
880 1829 928 1890 19.
941 1833 971 1890 et
991 1826 1051 1890 hac
1064 1845 1093 1908 p.
1104 1829 1191 1908 99*.)
1204 1827 1289 1892 eius-

189 1936 260 2002 dem
267 1937 382 2001 Classis
392 1944 610 2002 recenseretur
619 1916 813 2018 praefectura
823 1955 848 2001 s.
857 1937 1032 2019 praefectus
1041 1957 1050 2014 ;
1060 1943 1093 2001 ut
1104 1936 1204 2018 prinio
1217 1936 1286 2001 loca

162 2042 167 2050 ’
186 2046 334 2127 Histrico,
350 2048 380 2110 b.
392 2047 413 2111 l.
426 2046 638 2129 depetensiuan
658 2047 872 2129 appellaretur,
890 2047 1060 2130 eademque
1079 2048 1240 2128 quatiens,
1256 2053 1289 2111 ut

185 2175 278 2238 nune,
301 2157 421 2223 Sisciae
442 2158 624 2237 haberetur,
652 2154 829 2219 Pannoniae
851 2156 1009 2219 Secundae
1033 2156 1166 2222 dicenda
1192 2163 1287 2222 esset

186 2269 291 2350 ltaque
302 2268 362 2332 hoa
375 2285 496 2350 quaqua
511 2267 582 2331 laco
593 2267 660 2330 siae
670 2267 800 2331 eandem
813 2266 1070 2348 significationem
1082 2266 1185 2347 babet,
1194 2286 1285 2351 quarn

56 2375 58 2378 ⁴
185 2379 224 2443 ad
253 2378 394 2461 proxime
426 2379 620 2459 superiorem¹
645 2379 673 2455 9.
691 2373 742 2440 94.
766 2377 973 2458 exposuimus.
995 2414 1036 2425 -
1065 2374 1178 2439 Sistiae
1212 2384 1284 2459 (pra

185 2487 318 2571 Sisciae)
340 2485 377 2568 C,
399 2493 429 2551 et
448 2486 666 2568 iiiaescytbiae
688 2494 761 2569 [pra
783 2506 865 2552 auae
877 2488 1013 2567 Sisciae)
1029 2479 1212 2550 aa'babent.
1238 2486 1285 2551 Ile

185 2600 286 2665 Siscia
307 2599 419 2664 Saviae
440 2598 571 2681 oppido,
594 2596 668 2661 hod.
689 2596 826 2674 Suiszels,
850 2600 907 2675 (ei.
918 2616 947 2680 p.
961 2599 1029 2662 47⁴³.
1041 2599 1069 2675 9.
1087 2597 1149 2678 93.,
1173 2616 1203 2679 p.
1216 2597 1285 2661 48⁵.

184 2711 211 2787 9.
228 2711 294 2791 19.)
307 2728 336 2792 p.
348 2708 436 2773 346¹.
449 2727 496 2791 sq.
512 2708 550 2772 ad
571 2707 729 2785 611993.
747 2708 907 2790 disputatis
931 2708 1011 2772 adde
1039 2707 1238 2772 Xatancsiab.
1255 2726 1284 2790 p.

57 2900 62 2923 ἱ
179 2817 236 2884 44.
252 2838 299 2902 sq.

268 2966 309 2979 --
328 2932 374 3008 99.
399 2932 450 2995 95.
474 2940 534 3013 sep]
559 2931 673 2994 terciae
691 2926 732 2993 ib.
763 2928 873 3012 Silliae
893 2928 929 2993 C.
959 2927 1143 3009 Alpinarum
1164 2927 1287 2994 spatae

185 3057 245 3104 om.
263 3055 310 3103 aa.
339 3040 379 3104 ci.
398 3058 476 3122 qrrae
497 3040 536 3104 ad
558 3042 604 3119 99.
622 3043 670 3106 18.
683 3059 729 3123 sq.
744 3041 901 3122 proposita
923 3044 1002 3102 sunt.

217 3138 221 3143 ’
270 3192 310 3203 -
331 3152 360 3228 9.
385 3152 449 3229 97.]
469 3151 556 3215 ilanc
580 3152 737 3215 cohortem
761 3150 837 3214 alias
860 3167 922 3213 aon
944 3149 1019 3233 legi.
1047 3167 1118 3214 nam
1141 3149 1203 3214 buc
1224 3166 1286 3214 non

184 3261 317 3342 pertinet
337 3278 366 3342 p.
378 3258 445 3323 97*.
457 3261 486 3336 9.
499 3263 526 3323 1.
560 3261 606 3324 De
620 3259 808 3344 legionibus
829 3259 924 3323 loviis
945 3260 983 3324 ad
1004 3261 1032 3336 9.
1051 3262 1079 3322 1.
1092 3277 1186 3342 supra
1204 3258 1286 3338 dixi3

184 3370 246 3434 Ata
266 3370 292 3433 Ι.
315 3369 406 3433 laaia
426 3370 529 3450 Felix,
555 3368 594 3434 de
621 3371 741 3434 minore
762 3368 911 3434 laterculo
944 3372 1076 3451 emissa,
1109 3370 1167 3436 sub
1199 3370 1286 3436 bace

184 3481 367 3544 Armeniae:
389 3481 459 3545 Not.
472 3482 525 3545 Or.
538 3498 568 3563 p.
579 3480 630 3543 06.
645 3497 727 3542 num.
743 3480 791 3541 11.
805 3518 846 3529 -
868 3480 1003 3544 beoaate
1025 3477 1093 3544 att.
1136 3481 1286 3547 Panoiro-

185 3588 231 3651 lus
254 3589 377 3671 quiidem
399 3592 573 3671 ,Leonatae
586 3589 738 3669 [beaaae“
760 3591 817 3671 tit]
837 3591 935 3671 inquit
955 3610 1054 3674 ,quae
1074 3592 1187 3658 Sasiae
1210 3593 1284 3657 arbs

185 3705 232 3763 est
252 3700 444 3782 ltinerario“,
467 3702 523 3766 sed
546 3720 647 3784 neque
667 3702 735 3765 ltin.
749 3703 822 3764 Ant.
835 3702 1116 3782 nequeuntem.
1130 3701 1285 3766 ismduo-

189 3799 259 3873 men
282 3818 466 3894 agnoscunt,
489 3831 560 3876 nam
579 3812 691 3875 mattas
704 3809 871 3874 Leooatiae
882 3812 949 3874 ltin.
963 3813 1085 3877 Hieros.
1099 3830 1128 3893 p.
1139 3810 1211 3877 609.
1222 3830 1285 3876 non

187 3919 285 4001 magis
308 3920 368 3983 buc
399 3922 548 4002 pertinet,
575 3940 665 4004 quarn
687 3921 861 3986 Laederata
890 3924 1027 3987 Moesiae
1055 3923 1175 3987 Primae
1199 3923 1284 4002 (Nat

186 4030 240 4094 Or.
253 4049 282 4112 p.
298 4030 366 4093 105.
377 4033 404 4108 9.
421 4031 478 4109 6.).
528 4034 582 4096 Est
609 4040 710 4098 autem
736 4035 768 4097 in
798 4035 907 4099 eodem
936 4034 1002 4097 ltin.
1022 4052 1052 4115 p.
1069 4033 1142 4097 563.
1156 4032 1286 4097 Mutatio

184 4136 375 4220 holacaua,
399 4159 417 4205 a
440 4142 612 4206 civitatibus
632 4145 736 4208 biursa
759 4141 891 4225 (Osae'lc)
917 4150 947 4209 et
968 4143 1083 4209 Cibalis
1107 4143 1286 4222 (600811-

184 4248 451 4332 vonicaoppidulo
469 4232 673 4318 Viatoaci‘ad
686 4253 803 4317 Bassai
824 4256 932 4334 rivum,
954 4254 1080 4318 militiae
1100 4253 1284 4319 Brodeusis.

23 4391 26 4396 ·
122 4412 123 4429 ,
185 4359 225 4424 af.
239 4359 482 4450 Hasselpddtl.
497 4369 527 4426 et
549 4363 744 4430 llatancsicb.
755 4383 785 4449 p.
797 4366 866 4447 70.)
878 4364 935 4432 XIl
943 4363 1020 4434 ltu.
1030 4369 1160 4448 remota,
1181 4370 1217 4429 at
1235 4363 1287 4431 lo-
