2918 4914
208 400 299 474 oto*
340 420 456 472 annor.
474 421 516 469 nn
533 420 609 473 nor.
626 420 699 469 oca.
715 420 885 469 aarum.
899 420 965 469 unx
980 418 1177 470 renuamus.

206 623 280 704 pida
308 627 609 704 repraesentantur“.
664 620 858 684 Fortalicium
883 638 908 683 s.
932 619 1023 683 statio
1054 618 1106 682 Aa
1135 608 1310 700 Herm,
1356 612 1358 633 ³

208 749 298 813 quam
321 749 395 797 cum
412 729 534 795 Castris
558 730 702 794 uenata
724 733 766 809 (i.
783 726 1029 812 eternaeque
1051 731 1184 814 ignotis,
1209 746 1311 813 neque

206 842 469 922 confundendam,
492 847 525 905 ut
548 842 649 908 surita
669 841 709 905 ad
732 844 766 904 lt.
777 842 848 905 Ant.
861 859 890 923 p.
901 842 972 906 267.
988 842 1072 921 iecit,
1094 859 1163 905 cum
1187 858 1312 925 eogno-

207 953 291 1016 mine
314 952 459 1017 Valeriae
486 953 558 1016 loco
589 961 634 1034 (p.
649 952 719 1017 95⁴.
733 953 780 1029 ii.
801 952 849 1017 13.
861 953 948 1029 aa),
972 957 1023 1015 aut
1049 969 1117 1016 cum
1138 950 1310 1031 Moesicae,

204 1067 237 1123 ut
257 1062 420 1126 Pancirolo
441 1063 540 1127 visum
563 1068 621 1141 est,
646 1063 697 1126 vel
718 1081 786 1125 cum
799 1061 977 1126 Pannonico
1000 1062 1171 1142 superiore,
1195 1061 1236 1125 de
1249 1077 1310 1143 quo

202 1189 232 1252 p.
246 1172 314 1236 99⁴⁶.
330 1175 357 1250 pt.
373 1175 415 1252 5.,
439 1172 570 1236 eandem
593 1172 690 1236 tuisse
710 1172 781 1234 ideo
800 1172 992 1256 negaverim,
1015 1178 1075 1235 tum
1099 1170 1182 1254 quod
1204 1171 1312 1235 diver-

203 1280 248 1345 sis
270 1282 433 1345 vocabulis
457 1283 551 1346 utitur
571 1283 649 1347 baec
676 1282 809 1361 Notitia,
835 1288 896 1346 tum
919 1281 1001 1364 quod
1023 1288 1152 1362 utreque
1174 1280 1312 1359 Auxilia,

205 1395 235 1454 et
256 1390 403 1457 Herculia
427 1398 458 1455 et
477 1393 688 1459 Praesidentia
718 1393 748 1455 in
772 1393 889 1456 Castris
910 1391 1070 1471 Herculis,
1094 1392 1121 1455 si
1145 1391 1178 1453 in
1198 1382 1311 1455 eodem

203 1498 275 1562 loco
297 1501 409 1564 stativa
430 1500 620 1581 habuissent,
642 1518 705 1564 uno
727 1520 820 1565 versu
834 1501 915 1565 inter
928 1501 1120 1564 Auxiliorum
1145 1518 1312 1564 enumera-

202 1609 320 1674 tionem
342 1611 503 1674 recenseri
526 1612 698 1693 potuissent
720 1617 767 1690 et,
799 1618 832 1673 ut
852 1616 945 1692 puto,
969 1610 1155 1675 debuissent.
1188 1609 1229 1673 ci.
1243 1624 1310 1690 seq.

202 1733 274 1800 pag.
287 1720 333 1795 bi.
347 1721 452 1801 11.sq.
497 1720 638 1786 Ceterum
657 1721 690 1793 in
709 1720 841 1802 regione
862 1720 1022 1785 Sirmiensi
1043 1719 1123 1782 benc
1144 1716 1309 1783 stationem
1356 1714 1358 1737 '

202 1824 255 1888 Aa
275 1826 438 1892 Herculem
461 1835 492 1893 et
514 1827 628 1893 Castra
648 1828 802 1908 timeatis,
826 1829 961 1893 fortasse
977 1828 1118 1893 Danubio
1139 1827 1236 1892 fluvio
1257 1844 1312 1891 se-

201 1945 328 2019 parata,
351 1940 548 2021 quaesierim.
1208 1990 1213 2001 .

289 2086 331 2098 -
352 2050 381 2125 i.
406 2048 470 2127 94]
491 2048 689 2115 Pancirolus:
713 2047 854 2129 ,Auxilia
876 2047 1033 2112 Nouensia
1048 2045 1221 2112 Arsacidae
1243 2045 1311 2111 sine

201 2154 322 2237 Novis,
346 2157 431 2239 quod
450 2159 483 2220 in
504 2158 566 2222 hoc
591 2157 704 2240 oppido
730 2156 921 2236 residerent,
943 2157 1099 2221 Nouensia
1122 2162 1193 2220 sunt
1217 2155 1310 2235 dicta,

204 2267 276 2348 quia
300 2285 377 2332 vero
405 2286 445 2332 ex
471 2268 585 2350 oppido
607 2267 838 2343 Arsaciasunt
859 2272 1036 2347 contracte,
1057 2267 1231 2330 Arsaciana
1251 2280 1312 2330 vo-

204 2384 322 2441 cantur.
367 2378 502 2442 Arsacia
523 2377 700 2442 Ptolomaeo
714 2376 776 2454 [Vl.
792 2379 835 2459 9.]
851 2384 882 2441 et
890 2377 1053 2442 Ammiano
1068 2376 1189 2455 [xxtss.
1204 2378 1234 2457 6,
1243 2374 1311 2457 39]

205 2478 258 2549 est'
273 2488 349 2552 urbs
369 2488 510 2568 Mediae,
532 2486 616 2551 unde
636 2485 838 2552 Arsacidae«.
882 2486 928 2551 De
948 2488 1137 2553 Novensium
1156 2484 1312 2550 vocabulo

206 2599 371 2662 consentio
378 2618 389 2676 3
413 2615 478 2660 non
501 2600 574 2662 item
601 2598 641 2661 de
663 2596 920 2673 Arsacianorum:
949 2596 1085 2662 Arsacia
1105 2616 1130 2662 s.
1150 2596 1241 2679 Repo
1263 2603 1314 2660 eut

204 2704 313 2789 napae
337 2708 478 2787 Mediae,
506 2727 525 2771 a
557 2708 713 2772 veteribus
747 2708 950 2789 scriptoribus
983 2709 1096 2791 passim
1126 2707 1315 2773 celebratum

205 2818 353 2899 oppidum
376 2818 434 2893 (ei.
450 2818 599 2884 Mannert.
612 2820 648 2883 V.
666 2821 695 2883 9.
708 2836 738 2900 p.
753 2817 842 2896 173.)
858 2818 897 2881 ad
918 2818 949 2882 b.
968 2819 989 2882 l.
1010 2837 1073 2883 non
1096 2819 1250 2902 pertinet,
1282 2824 1316 2882 nt

113 2910 116 2915 Δ
203 2925 280 2990 mibi
304 2927 445 2992 videtur:
467 2945 531 2993 non
554 2927 637 2993 enim
657 2928 771 3012 legitur
791 2926 950 2992 Nooenaia
969 2927 1236 3009 ereberrime,
1258 2927 1315 2993 sed

203 3033 288 3100 Noc.
301 3036 374 3100 Ara.
390 3037 568 3113 aiaeNcc.;
601 3039 705 3121 itaque
736 3037 797 3101 duo
831 3041 977 3120 castella,
1008 3038 1187 3103 Arsacidae
1209 3052 1316 3116 unum,
1356 3100 1358 3113 ,

203 3146 337 3212 alterum
362 3145 488 3224 Novae,
513 3150 545 3212 in
569 3150 720 3217 interiore
743 3152 901 3217 Pannonia
923 3152 1020 3216 tuisse
1046 3154 1165 3232 putem,
1190 3149 1223 3212 in
1245 3147 1358 3255 qui-1

202 3257 259 3322 bus
281 3258 405 3324 alterna
425 3259 537 3323 stativa
558 3259 609 3323 illa
631 3261 775 3342 Auxilia,
799 3263 909 3345 quibus
938 3263 976 3324 ab
1007 3260 1105 3324 altero
1130 3259 1317 3324 vocabulum
1356 3262 1358 3267 '

203 3367 336 3433 inditum
362 3370 429 3450 suit,
454 3369 618 3434 habebant.
644 3391 721 3437 unum
745 3374 773 3438 si
794 3374 917 3439 diceres
934 3373 1038 3437 Novas
1061 3371 1151 3435 etiam
1164 3370 1319 3435 Arsacia-

202 3495 316 3542 norum
340 3497 454 3544 nomen
477 3480 633 3563 gessisse,
660 3488 769 3547 contra
792 3485 925 3549 voculae
953 3482 1020 3544 aive
1041 3479 1203 3544 interduo
1227 3478 1319 3561 oppi-

203 3587 313 3653 dorum
339 3592 466 3653 nomina
494 3590 616 3673 positae
643 3609 731 3656 usum
766 3613 855 3676 quem
883 3595 944 3659 bac
972 3591 1087 3658 Notitia
1121 3591 1319 3655 observatum

203 3696 481 3778 deprehendimus,
496 3702 555 3777 (ci.
568 3718 634 3784 seq.
646 3704 675 3780 i.
687 3704 749 3783 98,
759 3723 788 3784 p.
800 3705 922 3781 103*.i.
933 3702 975 3782 6.,
998 3721 1027 3784 p.
1041 3702 1109 3765 118.
1121 3699 1222 3780 inid,
1245 3699 1319 3764 item

201 3823 230 3887 p.
244 3805 311 3871 bv.
328 3810 360 3883 b.
374 3809 425 3873 23.
441 3817 472 3874 et
483 3811 554 3875 Not.
570 3812 622 3876 Or.
635 3831 664 3894 p.
678 3813 729 3877 79.
743 3830 824 3876 num.
840 3814 889 3878 10.
903 3816 941 3896 a)
965 3814 1078 3877 trustra
1100 3800 1267 3893 pugnares.
1278 3845 1320 3860 -

200 3914 309 3979 Nouae
333 3933 462 3982 aeaeae
511 3918 611 3985 Nouia
631 3919 717 4013 bross.
772 3924 819 3987 De
848 3925 907 3988 situ
939 3923 978 3988 ad
1000 3921 1230 3999 i.12.dictum
1261 3924 1321 3983 est.

200 4028 389 4096 Araccieae
408 4052 532 4116 quoque
553 4038 584 4099 in
608 4036 719 4103 eodem
744 4035 890 4100 comitatu
911 4032 1103 4117 Baranyensi
1122 4030 1321 4113 quaesierim.

201 4189 363 4207 —-—-
372 4196 512 4210 u-——

302 4276 330 4347 ⁴')
351 4275 409 4332 b'bi
429 4280 555 4333 Sabaeae
575 4286 602 4332 et
615 4281 801 4336 Veterocariae
815 4279 966 4332 nominibus
988 4278 1094 4332 diversa
1113 4274 1212 4346 oppida
1232 4274 1323 4345 signi-

197 4368 271 4424 ficari
287 4372 341 4427 inm
358 4388 529 4446 persurnnm
546 4376 613 4431 mibi
630 4386 680 4432 est.

183 4568 1358 4621 Qum
