2918 4914
731 524 1239 560 -.--...-..--0-—

150 613 230 694 quod
251 613 320 694 pari
342 628 436 678 sensu
457 613 537 675 inira
559 631 587 693 p.
602 611 686 675 103&
699 614 727 688 l.
738 613 767 676 3.
782 614 912 692 positum
934 618 990 691 est,
1013 628 1118 674 veram
1140 607 1243 691 signi-

146 720 319 786 ficationem
342 723 494 786 neminem
517 722 617 786 adhuc
640 728 819 804 auguratum
842 741 912 785 esse
944 728 1033 803 puto:
1063 721 1102 785 de
1125 718 1239 801 populo

146 831 444 911 Marcomannorum,
468 833 583 913 dequo
598 832 670 895 vide
686 833 724 895 ad
740 834 880 913 pasta
896 833 943 895 17.
957 848 1086 912 suprap.
1097 830 1241 912 235*.sq.
1312 832 1313 837 ’

148 947 301 1021 annotata,
325 943 375 1005 hic
396 960 457 1005 non
473 943 535 1005 diei
555 943 586 1004 in
601 944 705 1024 aprico
722 950 785 1021 est3
807 961 876 1007 nam
892 944 959 1024 quis
972 940 1068 1007 ferret
1080 938 1243 1002 Trtdamamt

99 1071 100 1088 ν
146 1052 248 1134 populi
258 1051 553 1132 Marcomannorum,
568 1059 629 1117 tum
642 1055 782 1136 proprios
797 1072 889 1136 reges
902 1055 1067 1136 reginasve
1079 1050 1243 1115 habentis?

147 1179 247 1244 neque
268 1161 307 1225 de
327 1162 458 1226 Auxiliis
480 1163 623 1227 Palatinis
642 1184 670 1246 p.
684 1167 751 1228 95⁴&
765 1182 876 1226 numm.
889 1162 1001 1228 4041.
1021 1162 1078 1239 (cl.
1092 1179 1120 1244 p.
1134 1162 1200 1225 31*.
1212 1161 1243 1236 l.

148 1272 208 1350 96,
234 1289 262 1352 p.
274 1269 341 1334 34⁴.
355 1273 383 1346 l.
401 1271 448 1335 13.
461 1277 491 1334 et
510 1290 537 1353 p.
549 1273 614 1336 dtr.
626 1275 652 1349 i.
665 1274 733 1349 96.)
750 1273 911 1346 recensitis
938 1289 1083 1335 eorumve
1109 1270 1242 1334 Tribuno

147 1381 175 1445 h.
188 1380 208 1443 l.
221 1381 334 1444 dictum
357 1396 428 1444 esse
451 1388 562 1463 putem,
585 1383 640 1445 sed
663 1383 702 1444 dc
721 1383 889 1445 'Gentilibus
904 1380 1141 1460 Marcomannis,
1164 1396 1244 1462 qua·

147 1489 190 1553 les
213 1489 307 1551 Saeot
328 1489 547 1569 Soroaotoeqae
569 1491 699 1552 Gentiles
721 1493 799 1554 intra
821 1510 887 1573 cap.
902 1494 962 1556 xe.
980 1489 1154 1554 multotiens
1176 1506 1243 1552 me-

146 1607 313 1679 morantur,
337 1617 414 1681 quos
439 1602 539 1685 genus
563 1601 773 1663 colonicorum
787 1602 853 1665 sive
874 1601 1080 1683 agricolarum
1103 1599 1241 1679 militum,

147 1711 307 1774 Laetorum
333 1711 420 1792 quasi
450 1711 604 1792 speciem,
630 1710 829 1775 Buccellariis
858 1728 979 1792 quoque
1002 1709 1244 1792 Visigotthorum

148 1820 393 1901 comparandam,
419 1818 582 1883 deterioris
600 1836 689 1901 quam
702 1821 878 1883 ordinarios
891 1821 1065 1883 Auxiliarcs
1080 1818 1245 1882 condicio-

146 1931 192 1993 nis
217 1931 313 1993 suisse
348 1931 427 1992 inira
459 1931 745 1994 demonstrabimus.
790 1931 832 1992 lta
855 1931 914 1992 iam
945 1930 1016 1992 olim
1048 1928 1142 1990 iuncti
1175 1927 1245 1990 lue

148 2045 216 2102 runt
238 2040 446 2103 Marcomanni
470 2038 641 2120 suavique,
666 2045 704 2125 ut
721 2040 796 2102 satis
818 2039 917 2102 Strab.
931 2039 993 2101 Vll.
1006 2058 1035 2120 p.
1048 2037 1120 2101 445.
1136 2044 1165 2099 et
1182 2013 1244 2099 Ta·

148 2149 195 2212 cit.
207 2138 358 2212 German?
370 2149 420 2211 44.
443 2149 494 2213 43.
514 2146 677 2212 Annalll.
696 2147 1011 2223 tensamentum
1036 2148 1094 2226 (cl.
1116 2145 1241 2209 Grimm.

148 2258 252 2320 eaeo.
267 2258 296 2319 d.
308 2257 587 2338 deatsclaSpracltc
601 2277 629 2339 p.
642 2254 715 2323 709.
724 2268 809 2340 sqq.)
822 2260 863 2320 ita
877 2276 970 2340 porro
984 2257 1134 2320 Ammian.
1146 2255 1239 2320 xxti.
1346 2237 1352 2244 ’

147 2370 176 2448 5,
191 2369 221 2430 5.
245 2368 390 2431 lulianum
412 2368 483 2448 imp.
506 2366 726 2431 exclamantem
753 2354 870 2430 inducit
893 2366 938 2447 ,0
962 2365 1187 2445 Marcomanni,
1223 2380 1242 2428 ο

99 2464 101 2496 ²
152 2477 267 2554 Quadi,
294 2493 312 2538 ο
335 2477 510 2555 Sarmatae,
536 2477 658 2540 tandem
685 2477 762 2540 alios
790 2477 879 2540 vobis
912 2478 1076 2539 inertiores
1107 2475 1244 2539 iuvenil‘
1273 2534 1283 2554 ,

149 2586 203 2662 (ab
226 2586 334 2649 inertia
358 2604 434 2649 vero
465 2587 562 2667 ipsum
587 2586 748 2650 Lautorum
771 2604 882 2650 nomen
915 2585 1077 2651 deductum
1106 2585 1245 2670 legemus

99 2707 101 2777 j
150 2697 187 2759 ad
210 2714 276 2777 cap.
290 2697 368 2774 XL.)
383 2696 462 2758 idem
484 2697 592 2760 xxix.
606 2697 636 2776 d,
653 2701 679 2759 1.
696 2698 733 2759 ad
751 2717 778 2760 a.
796 2695 869 2761 371.
882 2697 914 2758 in
936 2698 975 2760 iis
996 2696 1094 2775 locis,
1117 2695 1168 2759 ubi
1191 2712 1246 2759 se·

150 2805 278 2868 eundum
302 2806 379 2868 hanc
402 2807 495 2869 Notit.
509 2825 538 2887 p.
552 2803 826 2887 121*.'praelectos
840 2806 1001 2870 Gentilium
1023 2783 1160 2870 moratos
1176 2823 1247 2870 esso
1280 2802 1284 2808 '

149 2915 304 2994 videmus,
337 2914 475 2977 initalia
498 2916 676 2996 superiore,
699 2916 824 2991 Quados
849 2917 1145 2997 Marcomannosque
1174 2933 1248 2979 sao

148 3025 244 3103 uisse,
269 3024 455 3105 eosdemque
477 3031 599 3093 arctoas
612 3031 721 3106 gentes
744 3026 827 3088 circa
849 3025 960 3089 llumen
975 3024 1107 3088 Histrum
1128 3041 1248 3107 vagan-

150 3136 195 3198 tes
216 3154 243 3197 a.
257 3133 328 3198 aro.
346 3151 486 3197 rumores
505 3134 658 3197 nonnanes
682 3115 843 3198 castrasse
867 3142 990 3198 ananan
1006 3119 1158 3210 xxxin,
1172 3136 1201 3196 a.
1218 3139 1249 3196 a

152 3244 291 3308 Zosimus
315 3244 406 3306 etiam
434 3243 455 3306 l.
475 3242 525 3306 99.
545 3244 602 3308 suli
625 3244 789 3308 Valeriano
816 3246 886 3325 imp.
904 3243 1032 3325 Scythas
1057 3244 1248 3322 (Sarmatas)

152 3373 219 3417 cum
240 3353 465 3417 Marcomannis
487 3353 518 3414 in
536 3352 690 3417 Romanos
711 3353 787 3416 fines
810 3353 1012 3432 irrumpentes
1031 3352 1135 3431 ibique
1156 3369 1259 3438 prae-³

152 3465 260 3526 dantes
283 3463 445 3543 descripsit
466 3464 617 3538 (Σκυθῶν
641 3464 676 3532 δὲ
699 3464 731 3538 ἐξ
755 3463 843 3543 ἠθῶν
864 3460 1066 3524 ἀναστάντων
1083 3463 1249 3537 καίΜαρ-

151 3546 419 3654 κομαννσῖνπρὸς
443 3571 565 3642 τούτοις
587 3572 619 3648 ἐξ
641 3567 761 3654 ἐφόδου
784 3569 823 3633 τὰ
853 3568 1007 3654 πρόσοικα
1030 3571 1067 3657 τῇ
1085 3564 1250 3650 Ῥωμαίων

152 3682 238 3767 app}
261 3679 364 3762 χωρία
390 3681 640 3764 λεηλατούντων,
669 3681 714 3753 εἰς
742 3677 876 3762 ἔσχατον
902 3681 963 3758 μὲν
992 3674 1009 3763 ἦ
1033 3681 1250 3770 Θερσαλονίκη

152 3792 303 3869 περιέστη
324 3789 470 3852 κινδύνου
493 3795 639 3872 a.r.t.)‚·
667 3792 708 3855 ila
730 3797 835 3872 postea
867 3791 918 3872 qul
945 3790 1017 3853 vicli
1040 3791 1186 3856 Romanis
1212 3809 1248 3854 se
1276 3822 1279 3826 ¹

99 3904 100 3917 ¹
153 3899 322 3978 dederant,
348 3902 379 3962 in
411 3918 568 3964 numerum
599 3901 760 3964 Gentilium
785 3901 1009 3965 referebantur.
1041 3901 1079 3963 ita
1110 3901 1149 3963 de
1174 3901 1252 3963 Dio-

153 4007 277 4072 cletiani
299 4011 485 4091 temporibus
507 4011 582 4074 Aur.
596 4010 673 4074 Vict.
690 4013 729 4074 de
741 4012 844 4074 caess.
863 4029 889 4072 o.
901 4011 952 4076 39.
966 3992 1107 4075 enarrat:
1129 4017 1179 4089 ,et
1200 4012 1252 4071 in·

153 4126 239 4183 terea
262 4120 346 4182 caesi
369 4101 578 4185 Marcomanni
603 4124 830 4203 t'arporumque
860 4124 945 4185 natio
974 4119 1119 4186 translata
1151 4122 1250 4183 omnis
1315 4092 1319 4225 p

112 4271 117 4277 -
153 4229 185 4290 in
208 4233 345 4291 nostrum
368 4229 476 4309 sotum,
500 4230 586 4295 cuius
603 4233 668 4296 lere
682 4250 753 4313 pars
769 4233 827 4294 iam
843 4239 905 4295 tum
919 4233 957 4295 ab
971 4233 1138 4295 Aureliano
1153 4231 1249 4294 erat“.

154 4337 331 4402 Pancirolus
360 4338 435 4401 nihil
459 4340 497 4402 de
524 4346 675 4421 potestate
698 4341 842 4405 vocabuli
870 4341 966 4423 pentir
996 4338 1141 4405 sntotcns
1173 4336 1252 4402 haec

99 4542 235 4596 Ῐιξξξ
320 4546 472 4580 mmmm.
530 4548 566 4581 m
615 4550 636 4581 i
707 4548 718 4582 Ξ.
777 4549 783 4583 3
861 4550 981 4583 mmm
1032 4533 1326 4583 ,πᾳ-ω’.
