2918 4914
168 314 192 381 1

189 434 191 469 2
251 407 365 483 1086*
379 427 1347 481 aanor.nnaor.oss.sur.xn.rmrrosrmmsnominamus.

332 628 451 692 Auson.
464 629 584 693 Mosell.
593 631 638 706 11.
648 629 754 693 7...111.

249 738 405 806 „Praetereo
424 773 1248 794 ...................

249 835 416 890 Dumnissum
437 838 557 909 [Demea
575 853 658 906 prope
679 838 840 909 Kircbberg]
863 840 1006 907 riguasque
1024 837 1138 914 pereuni
1155 835 1231 887 ionte
1250 832 1353 884 Taber-

349 952 395 987 nas
416 938 512 1007 [prope
531 936 667 1005 Stumpfea
687 935 780 988 tium
797 950 850 987 uon
869 934 991 1002 procula
1012 935 1072 986 vico
1092 931 1248 1002 llinaerctlr]

247 1030 372 1099 Arvaque
391 1031 574 1084 Sauromatum
593 1047 677 1100 nuper
697 1035 732 1104 [a
745 1030 837 1102 33111
858 1037 956 1084 metata
975 1029 1095 1096 colonis;
1416 980 1420 1075 1

246 1124 282 1178 Et
301 1127 405 1180 tandem
425 1127 516 1180 Primis
534 1128 676 1199 Belgarum
696 1130 837 1197 conspicor
855 1129 908 1180 oris
931 1129 972 1199 [in
994 1126 1101 1196 belgica
1120 1126 1219 1196 Primo]
1418 1088 1420 1173 1

247 1221 423 1293 Noiomagum
443 1226 634 1297 [ileumuqen
626 1242 653 1277 rn
672 1226 772 1296 angulo
791 1222 1207 1291 llraboni,1)lrronil.blosellae
1226 1235 1287 1273 sese
1300 1221 1354 1271 mi·
1417 1160 1422 1285 1

350 1323 526 1393 scentisJ...u
530 1354 578 1375 .-
597 1322 637 1375 Gi.
650 1337 743 1375 comm.
752 1338 839 1375 meum
850 1321 919 1374 adb
927 1321 944 1374 l
1226 1355 1228 1359 .
1418 1302 1422 1387 1

335 1438 486 1518 Anonym.
501 1436 657 1500 Valesian.
670 1436 710 1500 dc
722 1436 923 1501 Constantino
937 1435 975 1497 11.
991 1453 1057 1498 exc.
1076 1442 1105 1511 §.
1119 1433 1170 1497 31.
1184 1426 1333 1509 (1.334.)
1419 1408 1422 1509 1

249 1580 273 1610 „.
287 1583 292 1596 .
304 1546 375 1597 servi
397 1547 570 1600 Sarmatarum
592 1534 731 1600 adversum
752 1561 844 1598 omnes
862 1546 981 1597 dominos
1005 1542 1183 1608 rebellarunt,
1203 1554 1270 1609 quos
1290 1535 1356 1606 pul-

249 1654 294 1694 sos
314 1642 504 1696 Constantinus
528 1642 643 1697 libenter
661 1646 767 1712 accepit
791 1649 818 1696 et
843 1641 956 1711 amplius
975 1646 1095 1694 trecenta
1113 1638 1186 1691 milia
1215 1637 1354 1688 bominum

251 1739 346 1792 mistae
370 1742 464 1793 aetatis
485 1748 512 1794 et
531 1757 610 1794 sexus
629 1757 676 1809 per
697 1740 841 1806 Thraciam,
865 1738 1016 1807 Scythiam,
1035 1735 1213 1790 blacedoniam
1230 1732 1355 1787 ltaliam-

248 1849 301 1904 que
322 1835 439 1890 divisio.
452 1869 483 1881 -
506 1837 540 1890 ci.
550 1839 679 1891 ammian.
690 1836 771 1891 xvu.
785 1838 826 1904 12,
838 1839 878 1890 17.
888 1843 915 1890 et
928 1838 968 1891 13.

334 1950 512 2032 Hieronymi
535 1950 648 2015 Chron.
667 1951 706 2015 ad
719 1971 746 2015 a.
760 1950 832 2015 337.
844 1951 910 2028 (ed.
922 1947 1061 2014 Roucail.
1075 1944 1241 2027 111498.)

249 2058 386 2112 Sarmatae
408 2060 572 2131 Limigantes
596 2062 716 2115 dominos
747 2076 810 2114 suos
835 2062 878 2129 qui
906 2076 976 2112 nunc
1005 2060 1185 2128 Acaragantes
1215 2059 1356 2117 uocantur,

249 2154 321 2210 iacta
339 2173 419 2210 manu
436 2158 464 2210 in
483 2159 627 2211 Romanum
648 2159 734 2212 solum
755 2158 925 2227 expulerunt.

334 2271 486 2335 Ammian.
499 2272 555 2352 (ad
570 2293 598 2337 a.
608 2274 699 2354 377.)
712 2272 823 2337 1111111.
833 2273 863 2336 9.

249 2383 399 2450 „vivosque
427 2397 518 2434 omnes
546 2382 660 2453 (Gothos
680 2382 864 2452 Taiiaiosque)
886 2384 958 2435 circa
984 2381 1107 2434 Mutinam
1133 2381 1302 2450 Regiumque
1327 2386 1354 2431 et

250 2474 378 2543 Parmam,
398 2477 490 2532 italica
508 2479 614 2548 oppida,
634 2496 694 2531 rura
714 2480 832 2532 culturos
854 2479 1054 2532 exterminavit“
1074 2477 1235 2548 Frigeridus.

249 2592 401 2656 Laetorum
424 2599 525 2656 autem
552 2595 731 2658 condicioni
761 2615 779 2659 a
804 2595 950 2659 Romanis
978 2594 1038 2657 iam
1068 2593 1194 2678 agnitae
1224 2590 1354 2674 gentili-

250 2702 318 2765 ciae
343 2702 538 2766 condicionis
559 2702 790 2768 adsimulaudae
813 2703 873 2766 boc
895 2721 1001 2767 ansam
1025 2701 1156 2781 dederit,
1181 2719 1221 2763 ne
1240 2700 1279 2763 ab
1301 2700 1353 2761 in-

251 2811 336 2873 vidia
362 2818 394 2874 et
415 2812 689 2876 obtrectationibus
711 2813 791 2876 inter
811 2813 911 2876 Laetos
938 2812 1031 2893 inque
1055 2811 1165 2875 iisdem
1187 2808 1352 2891 praesidiis

247 2920 471 3003 regionibusve
493 2921 607 3003 passim
631 2920 796 2985 militantes
811 2922 1017 2985 Sarmatarum
1041 2920 1222 2997 colonorum
1243 2936 1354 2981 nume-

247 3046 302 3094 ros
328 3032 395 3113 ipsa
419 3051 470 3096 rcs
493 3034 631 3097 Romana
660 3033 872 3097 detrimentum
895 3037 1028 3113 caperet.
1062 3031 1164 3112 itaque
1185 3033 1215 3093 et
1236 3046 1354 3091 recen-

248 3139 345 3205 tiores
363 3149 394 3206 et
411 3142 576 3208 inferiores
596 3143 801 3207 Sarmatarum
821 3142 984 3207 Gentilium
1001 3159 1089 3223 quarn
1107 3141 1257 3204 Laelorum
1271 3137 1353 3203 Ger-

247 3253 438 3316 manicorum
460 3256 671 3335 praefecturas
694 3254 799 3319 dicere
813 3253 925 3317 rationi
942 3253 1111 3317 historicae
1130 3267 1258 3333 prorsus
1272 3267 1352 3312 con-

247 3363 340 3427 venit.
367 3370 502 3428 ceterum
524 3372 653 3447 utraque
669 3364 825 3429 bominum
838 3365 984 3430 Romanis
1006 3354 1197 3427 subditorum
1217 3360 1352 3442 species,

248 3473 332 3553 quud
355 3476 394 3538 ad
421 3494 518 3540 onera
542 3495 598 3557 pro
622 3477 751 3558 imperio
777 3477 936 3542 subeunda
960 3483 1114 3558 totamque
1136 3476 1212 3540 iuris
1237 3473 1353 3556 publici
1414 3480 1417 3573 1

247 3584 400 3648 rationem
416 3588 600 3668 pertinebat,
622 3588 747 3651 omnino
760 3588 869 3652 similis
887 3588 1083 3652 condicionis
1104 3587 1199 3651 inisse
1219 3585 1352 3664 videtur,
1414 3600 1418 3647 t

247 3699 280 3755 ut
294 3695 333 3758 ab
349 3697 585 3778 imperatoribus
596 3700 644 3771 (L.
656 3699 808 3764 11110.
823 3701 863 3762 de
877 3698 1043 3776 veteranis,
1059 3716 1150 3779 supra
1160 3696 1352 3778 ptobsstsp.
1408 3654 1418 3805 1

249 3805 401 3884 exhibita)
423 3808 548 3888 Laetum,
569 3810 783 3887 Alamannam,
806 3811 974 3875 Sarmatam
997 3809 1079 3890 paris
1104 3808 1171 3870 sire
1194 3805 1353 3891 dignitatis
1409 3796 1418 3899 1

247 3912 508 3981 siceabiectionts
522 3918 631 3983 baberi
644 3921 793 3997 vidimus3
805 3938 862 3982 suo
876 3936 952 3983 vero
962 3934 1111 4001 quamque
1125 3915 1260 3999 speciem
1273 3915 1352 3994 iure,
1409 3902 1419 4021 1

245 4023 348 4088 Laetos
369 4024 567 4110 Germanico,
592 4029 729 4094 Gentiles
745 4029 916 4094 Sarmatico
938 4029 1054 4091 vixisse
1076 4033 1135 4089 tum
1153 4046 1192 4089 cx
1214 4025 1253 4089 iis
1272 4043 1352 4107 quae
1409 4026 1419 4153 11

246 4132 398 4201 dabatis
421 4156 514 4220 supra
537 4138 768 4221 disputavimus,
792 4147 854 4204 tum
876 4138 1009 4203 maxime
1031 4143 1062 4202 et
1085 4090 1419 4345 1116171131

246 4242 287 4308 de
310 4246 528 4328 appellationss
520 4267 550 4310 rn
554 4250 600 4313 ira
622 4249 789 4331 repetenda
812 4248 1018 4332 colligendum
1037 4265 1108 4311 esse
1130 4262 1256 4309 censeo.
1289 4243 1352 4308 Sed

245 4360 344 4420 utrum
371 4358 585 4440 antiquissima
617 4375 696 4440 quae
727 4357 818 4423 nobis
847 4364 987 4441 superest
1015 4376 1055 4423 ex
1082 4352 1354 4421 constitutionibus
1415 4572 1421 4600 '
