2918 4914
174 271 1404 325 *mh

180 329 201 398 1

255 422 369 498 1038*
382 444 548 497 annonas
556 402 832 495 nonoccoaruc.
841 438 1354 493 rmmosrrrmamammmas.

249 655 455 726 διαλυθέντες
475 654 530 715 καί
559 651 616 735 τὴν
636 652 748 735 χώραν
769 636 862 735 κοινῇ
878 644 1139 730 κατοικήσαντες,
1167 646 1213 712 ἔτι
1237 648 1269 712 d‘
1286 644 1357 711 ἀπι·

248 760 365 845 γαμίας
387 761 468 848 πρὸς
491 757 647 844 ἀλλήλους
666 761 855 842 συνθέμενοι
878 756 1004 839 δίἀτὴν
1027 760 1187 837 ἐπιμιξίαν
1210 758 1357 839 λέγονται

247 869 365 955 ταύτης
387 878 497 953 τυχεῖν
519 874 574 954 τῆς
603 876 824 956 πραςργοριάς.
850 872 939 933 δυοῖν
963 869 991 932 δ’
1005 869 1109 931 ε’θνοῖν
1135 866 1278 946 ἀλκίμων
1300 889 1357 946 μι-

243 984 401 1062 χθέντων,
423 982 479 1044 καί
497 981 608 1063 χώρας
632 975 840 1062 ὑποκειμένης
861 980 997 1061 ἀγαθῆς,
1019 980 1136 1060 συνέβη
1149 972 1224 1050 τοάς
1238 977 1357 1039 Κελτί-

245 1092 350 1174 βηρας
367 1089 419 1155 ἐπὶ
441 1087 519 1154 nola)
544 1094 584 1176 τῇ
602 1086 678 1177 δόξῃ
701 1093 870 1172 προελθεῖν
885 1087 940 1151 καί
946 1087 1118 1166 Ῥωμαίοις
1131 1083 1265 1158 πολλοὺς
1279 1084 1357 1165 χρό-

245 1218 320 1270 νους
344 1197 612 1279 ἀντιταξαμένους
633 1197 727 1280 μόλις
745 1198 1058 1282 καταπολεμηθῆναι.
1082 1196 1212 1260 dormint
1227 1183 1357 1258 δὀὗτοι

188 1357 195 1375 ,
246 1303 324 1370 καιά
349 1307 423 1383 τούς
446 1310 604 1387 πολέμους
628 1307 668 1370 ου’
688 1307 785 1390 μόνον
808 1305 914 1381 ἱππεῖς
935 1304 1091 1388 ἀγαθούς,
1114 1304 1197 1368 ἀλλά
1221 1301 1277 1367 καί
1296 1325 1358 1366 πε.

246 1413 322 1491 ζοάς
337 1418 541 1499 παρέχεσθαι
564 1416 744 1502 διαφόρους
764 1426 834 1491 ταῖς
857 1418 968 1491 ἀλκαῖς
987 1414 1044 1479 καί
1066 1421 1137 1489 ταῖς
1155 1416 1357 1496 euprepius&

246 1531 277 1588 et
297 1527 436 1606 sequitur
458 1525 498 1590 de
518 1527 674 1608 restibus,¹
691 1529 795 1608 armis,
817 1529 953 1592 moribus
975 1527 1199 1591 Celtiberorum
1221 1542 1355 1588 amoena

245 1634 426 1717 descriptio.
455 1637 520 1701 Liv.
534 1635 669 1701 XXVlll.
685 1640 711 1700 1.
727 1637 910 1717 „Celtiberia
943 1655 1028 1717 quae¹
1051 1635 1153 1700 media
1184 1636 1265 1698 inter
1292 1633 1356 1697 duo

244 1744 343 1807 maria
367 1751 449 1824 esi“;
469 1744 545 1808 Plin.
555 1744 590 1808 ll.
600 1746 636 1809 N.
646 1745 696 1807 lll.
708 1749 817 1809 l.sect.
829 1746 858 1809 3.
872 1792 902 1828 „.
916 1792 924 1807 .
936 1744 1079 1809 Baeturia
1103 1752 1200 1825 (quae
1220 1743 1313 1826 regio
1336 1760 1356 1805 a

243 1852 332 1918 Baeti
351 1855 391 1917 ad
410 1854 537 1918 lluvium
552 1856 652 1920 Anam
675 1854 787 1932 tendit)
805 1855 836 1917 in
859 1855 936 1919 duas
959 1855 1061 1919 divisa
1081 1860 1184 1935 partes
1206 1853 1357 1917 totidem-

245 1979 305 2043 que
322 1970 444 2045 gentes,
463 1963 597 2028 Celticos
614 1965 666 2045 qui
683 1964 870 2027 Lusitaniam
886 1964 1048 2046 attingunt,
1066 1962 1256 2044 Hispalensis
1272 1980 1356 2025 con-

242 2078 372 2153 ventus,
396 2074 548 2138 lundulos
572 2075 623 2154 qui
644 2074 830 2139 Lusitaniam
857 2080 887 2137 et
909 2073 1173 2137 Tarraconensem
1195 2073 1354 2153 accolunt,

242 2181 311 2246 iura
335 2183 510 2247 Cordubam
532 2189 646 2266 petunt.
692 2183 828 2248 Celticos
851 2183 1050 2248 aColtiberis
1067 2201 1108 2247 ex
1119 2183 1277 2248 Lusitania
1294 2183 1355 2248 ad-

244 2293 371 2356 venisse
391 2295 587 2358 manifestum
610 2299 658 2357 est
686 2294 804 2373 sacris,
834 2292 960 2376 lingua,
984 2293 1165 2375 oppidorum
1189 2293 1354 2358 vocabulis

243 2420 323 2485 quae
340 2405 579 2486 cognominibus
599 2403 629 2466 in
643 2404 769 2468 Baetica
791 2403 1034 2487 distinguuntur.
1048 2411 1087 2466 .“.
1131 2404 1181 2467 lll.
1190 2403 1219 2467 3.
1229 2410 1309 2467 sect.
1319 2401 1351 2466 4.

244 2512 409 2595 „Celtiberi
432 2515 597 2595 Arevaci‘,
619 2520 650 2578 et
671 2523 700 2591 s.
711 2514 742 2579 3.
755 2513 830 2578 ibid.
847 2520 1016 2596 „caputque
1039 2512 1224 2578 Celtiberiae
1247 2514 1353 2598 Sego-

242 2624 437 2707 brigenses“‚
470 2631 500 2688 et
522 2633 552 2702 s.
569 2624 600 2686 4.
622 2624 696 2687 ibid.
716 2623 926 2706 „Pelendones
956 2623 1180 2688 Celtiberorum
1208 2629 1354 2704 quattuor

243 2732 382 2813 populis,
406 2750 537 2814 quorum
558 2734 735 2797 Numantini
763 2735 852 2799 luere
874 2735 980 2798 clari“.
1010 2733 1060 2796 lV.
1073 2735 1123 2797 ii.
1131 2739 1210 2798 sect.
1218 2733 1270 2797 36.
1287 2734 1353 2816 „Ex

240 2840 375 2905 adverso
400 2841 586 2907 Celtiberiae
612 2842 786 2924 complures
816 2850 888 2907 sunt
907 2842 1045 2922 insulae,
1070 2842 1277 2907 Cassiterides
1300 2843 1352 2907 di-

241 2957 311 3015 ctae
334 2952 473 3016 Graecis.
484 2958 522 3015 .“.
547 2952 703 3018 Cistrab
717 2953 767 3017 lll.
782 2956 811 3017 9.
824 2954 854 3018 3.
872 2963 917 3035 (p.
937 2952 1006 3017 148.
1024 2971 1106 3035 sqq,
1130 2954 1179 3017 ed.
1190 2953 1302 3017 Almel.
1319 2972 1351 3034 p.

239 3063 313 3127 221.
324 3073 410 3145 sqq.)
422 3063 563 3145 aliosque
578 3082 625 3145 ap.
636 3063 811 3128 llumboldt.
827 3070 857 3128 et
872 3064 980 3127 Zeuss.
997 3064 1060 3132 citt.
1067 3063 1099 3126 ll.
1115 3070 1146 3127 et
1166 3064 1240 3127 vide
1257 3063 1350 3127 etiam

238 3172 344 3238 Ukert.
354 3173 392 3236 ll.
405 3176 469 3254 lp.
478 3173 552 3238 321.
565 3192 611 3255 sq.
624 3174 697 3239 332.
711 3211 752 3224 -
764 3173 955 3255 Bripantioe]
965 3174 1040 3238 Ptol.
1052 3172 1089 3237 ll.
1099 3173 1185 3254 bqb).
1199 3175 1352 3239 Καλλαϊ-

238 3288 303 3347 καῖν
332 3284 396 3348 τῶν
420 3283 634 3367 Λουκηνοίων
664 3285 698 3348 ἐν
727 3288 770 3371 aqi
792 3281 920 3370 μεγάλῳ
948 3285 1051 3363 λιμένι
1079 3281 1243 3348 Φλαούιον
1263 3287 1352 3368 Βρι-

237 3392 375 3475 γάντιον.
396 3393 456 3457 Dio
471 3378 717 3460 sanabuntur.
731 3395 782 3460 53.
792 3396 890 3460 relert
909 3395 1018 3458 lulium
1039 3394 1203 3459 Caesarem
1220 3395 1352 3476 ι’ςΒρι-

236 3502 365 3583 γάντιον
386 3503 478 3569 πόλιν
502 3507 684 3580 Καλαικιάς
701 3506 831 3570 navibus
850 3505 1012 3570 advectum
1029 3505 1171 3569 homines
1193 3504 1244 3586 qui
1265 3504 1352 3568 clus-

238 3630 304 3677 sem
324 3614 465 3678 antebac
487 3632 641 3698 nunquam
658 3615 820 3695 vidissent,
837 3616 1012 3679 vehementi
1026 3613 1278 3700 adnavigantium
1293 3632 1351 3695 per

236 3720 348 3786 lluctus
369 3724 469 3789 illisos
494 3727 624 3807 strepitu
651 3727 776 3791 territos
805 3727 837 3788 in
858 3744 945 3789 suam
967 3731 1152 3808 potestatem
1172 3724 1347 3807 redegisse.

236 3830 273 3892 lt.
284 3832 356 3895 Ant.
373 3834 446 3898 494.
458 3834 651 3917 Btipontioos
672 3837 730 3917 (cl.
745 3836 784 3900 ad
804 3837 833 3913 i.
854 3838 937 3913 17.);
968 3836 1060 3901 Oros.
1071 3836 1093 3899 l.
1108 3837 1137 3898 i.
1147 3833 1348 3915 „Bripuntiot‘

236 3941 334 4023 inquit
357 3944 553 4024 „Callaeciae
574 3948 726 4011 civitas...
739 3946 919 4011 altissimam
939 3945 1069 4027 pharum
1092 3951 1122 4008 et
1143 3945 1225 4009 inter
1247 3961 1348 4024 pauca

234 4055 432 4119 memorandi
461 4056 564 4137 operis
598 4056 638 4120 ad
669 4057 826 4139 speculam
852 4057 1030 4122 Britanniae
1062 4056 1181 4140 erigit“.
1229 4054 1347 4138 Geogr.

233 4160 365 4229 liale.
374 4162 426 4229 43.
442 4163 615 4228 Bricantio.
645 4166 1036 4246 Abobricamllcl.lll.1.,
1058 4166 1132 4230 Plin.
1143 4163 1222 4229 ll.N.
1236 4162 1284 4228 Ν.
1295 4164 1346 4228 20.

233 4280 310 4338 sect.
324 4273 379 4339 34.
401 4292 465 4337 non
484 4274 578 4354 nulli,
608 4281 639 4338 et
669 4276 849 4341 Mannertus
865 4295 895 4358 p.
907 4275 982 4341 359.
1000 4275 1112 4354 etiam,
1144 4274 1226 4338 idem
1254 4277 1348 4356 atque

69 4450 73 4457 ,
231 4382 308 4448 illud
337 4385 486 4468 oppidum
518 4384 617 4449 luisse
643 4403 808 4468 perperam
839 4391 1040 4468 putaverunt:
1072 4382 1232 4449 Abobrica
1271 4380 1346 4447 bod.

931 4605 1274 4613 v——ffl-——d———r
1302 4607 1339 4612 ..--
1353 4607 1366 4610 -·
