2918 4914
188 353 278 432 676*
304 375 424 426 maor.
451 372 492 421 an
519 371 596 421 nor.
621 370 693 419 occ.
721 370 899 419 orr.xxx1.
928 372 995 421 nvx
1019 371 1161 422 namon.
1187 370 1230 420 n.

186 576 231 639 ris
254 574 415 657 legionum
438 570 561 634 additos
589 589 670 634 esse.
695 605 736 618 —-
759 566 863 630 Portis
886 567 1078 654 Superioris]
1105 570 1149 634 lta
1174 571 1209 634 in
1228 573 1296 638 Not
1339 538 1341 557 ‘

187 687 241 750 0r.
258 702 342 765 capp.
352 679 652 747 XXXVl.XXXVll.
662 679 774 762 legitur
793 675 967 740 Pednturae
987 677 1168 758 Sapertorts
1191 687 1223 744 ct
1243 680 1297 745 la-

183 793 321 877 seriorio.
352 793 393 856 cl.
410 809 482 873 pag.
498 789 570 853 459.
586 796 649 852 not.
667 789 718 853 38.
735 795 764 851 et
788 787 1017 851 observandum
1044 794 1112 868 est,
1144 808 1210 854 non
1238 792 1296 856 nisi

190 904 388 968 castellomm
414 903 646 982 Europaeorum
668 900 832 982 pedaturas
861 917 897 961 ac
921 905 1025 981 partes
1047 901 1228 982 superiores
1248 902 1297 965 in-

185 1015 382 1096 ferioresque
405 1012 580 1077 memorari.
603 1048 643 1059 -
666 1007 866 1074 DeBononia
888 1009 961 1072 vide
981 1026 1073 1091 supra
1096 1010 1175 1088 adh.
1191 1013 1295 1076 17.-

48 1130 54 1143 '
186 1124 340 1189 Panciroli
364 1123 406 1187 ad
428 1123 458 1186 h.
475 1121 495 1184 l.
512 1120 669 1185 annotatio
693 1120 772 1183 haec
793 1124 856 1182 est:
880 1118 1017 1200 „(lonia)
1048 1137 1065 1181 a
1087 1120 1294 1204 Diocletiano,

72 1275 75 1279 «
186 1236 238 1317 qui
260 1253 295 1298 se
317 1234 425 1297 louem
450 1233 639 1311 nominabat,
661 1236 709 1294 est
730 1235 858 1307 vocata;
880 1225 932 1293 vel
951 1249 969 1294 a
986 1229 1071 1293 louia
1094 1231 1221 1296 civitate
1233 1233 1296 1297 Va-

185 1345 281 1409 leriae
306 1343 404 1425 [cl.p.
421 1341 608 1423 97*.p.1.p,
634 1359 713 1423 quae
736 1345 766 1404 et
794 1339 861 1421 ipsa
890 1339 1005 1403 abillo
1033 1358 1147 1405 nomen
1177 1341 1294 1407 hahuit

185 1454 243 1517 Hic
276 1453 454 1516 Praefectus
486 1451 620 1536 legionis
642 1448 840 1527 ‘vocabalum
868 1448 926 1512 etsi
957 1466 1020 1512 non
1051 1449 1180 1531 amplius
1205 1468 1294 1532 quarn

185 1563 238 1626 uni
260 1561 393 1639 cohorti,
415 1561 437 1622 i.
451 1580 479 1623 e.
497 1560 632 1642 quintae,
655 1559 830 1639 imperaret.
874 1557 1019 1621 Praeerat
1039 1576 1116 1622 vero
1139 1560 1295 1641 superiori
1338 1548 1339 1553 ’

184 1672 263 1755 parti
283 1670 461 1750 Bononiae,
485 1671 538 1734 uhi
560 1671 652 1734 etiam
675 1668 793 1750 equites
814 1666 974 1732 Dalmatae
997 1668 1070 1749 [sic]
1100 1670 1212 1734 stativa
1236 1671 1295 1736 ha-

184 1781 290 1845 huisse
321 1779 482 1845 donnum.
529 1778 575 1841 Cl.
596 1779 635 1843 de
655 1776 823 1842 Praefectis
848 1793 926 1857 quac
948 1775 988 1839 ad
1010 1794 1039 1858 p.
1055 1777 1120 1842 78*.
1134 1779 1162 1855 i.
1177 1778 1207 1842 6.
1220 1797 1296 1862 pro-

183 1891 317 1954 tulimus.

268 2036 309 2050 -
331 2000 378 2076 ll.
400 1998 502 2081 4...6.]
525 1996 666 2079 Legionis
690 1987 1033 2061 omisemntotttucaa.
1051 2037 1084 2048 -
1101 1999 1210 2062 cecina
1224 1993 1293 2064 D).

185 2110 308 2176 Sextom
332 2109 489 2192 legionem
511 2106 666 2171 Dacorum
690 2092 774 2191 genti
799 2107 932 2171 leliciter
954 2109 1124 2190 oppositam
1147 2109 1186 2173 ad
1197 2128 1226 2174 a.
1240 2108 1292 2194 69.

185 2222 257 2284 Tac.
271 2221 349 2283 hist.
365 2219 415 2282 lll.
430 2215 482 2281 46.
505 2217 615 2297 refert,
638 2223 800 2299 postquam
823 2217 868 2280 illi
891 2219 1092 2301 ,expugnatis
1119 2219 1294 2283 cohortium

186 2330 364 2411 alarumque
390 2328 530 2392 hibernis
557 2334 687 2409 utraque
715 2327 847 2391 Danuvii
878 2329 964 2411 ripa“
987 2329 1075 2410 potiti
1104 2329 1237 2393 luerunt.
1254 2364 1292 2380 -

186 2439 369 2516 Herculeae]
392 2444 426 2500 ut
449 2437 534 2522 legio
557 2438 594 2502 ll.
613 2437 775 2518 Herculia,
797 2439 872 2502 item
893 2439 1091 2521 ripariensis,
1115 2440 1145 2501 in
1170 2439 1296 2522 Scythia

77 2540 82 2549 ’
187 2552 273 2628 (Not.
291 2551 343 2615 Or.
359 2570 386 2611 c.
401 2547 557 2626 XXXVI.)
578 2568 596 2613 a
620 2549 804 2614 Maximiano
834 2550 1062 2634 cognominata.
1094 2549 1135 2613 cl.
1154 2550 1296 2632 proxime

186 2659 378 2740 superiorem
405 2658 646 2723 annotationem.
683 2658 863 2724 Pancirolus
884 2659 967 2724 nulla
992 2659 1215 2724 vocabulorum
1236 2659 1295 2725 ha·

186 2769 250 2833 bita
285 2769 424 2832 ratione:
465 2768 587 2848 „Divisa
616 2768 695 2832 hacc
728 2769 812 2852 legio
844 2768 1020 2833 Nootouant
1053 2770 1163 2848 [voluit
1189 2768 1296 2833 Aureo

149 2934 152 2943 .
186 2885 304 2941 monte:
339 2879 378 2943 cl.
393 2879 463 2943 Not.
477 2879 530 2942 Or.
549 2896 616 2961 cap.
629 2879 766 2943 XXXVl.
784 2888 814 2958 s.
830 2881 853 2944 l.
872 2881 904 2943 C.
918 2881 963 2959 4.]
979 2887 1011 2946 et
1035 2878 1217 2963 Teutoharqi
1239 2881 1293 2959 [cl.

43 3004 52 3019 ¹
187 3007 255 3070 sqq.
265 2989 311 3065 ll.
322 2988 352 3052 9.
364 2999 425 3070 sq]
442 2988 744 3052 castrametabatur“.
767 3025 808 3039 -
830 2989 1025 3069 superiorum
1047 3005 1094 3052 ao.
1109 3027 1150 3040 -
1173 2989 1296 3055 Aaron·

186 3104 308 3162 moratae
326 3115 371 3159 oa.
406 3099 494 3162 lluno
505 3099 642 3162 Aureum
653 3101 799 3180 hlontem,
816 3117 905 3180 quem
918 3099 1095 3163 Pancirolus
1110 3101 1212 3183 inepte
1222 3118 1293 3165 cum

187 3208 574 3290 oroesraerrimaeoppoo
590 3190 1294 3292 (aaaron.or.0.xxxv111.n0t.7.p.4'ra.)

158 3358 161 3365 -
190 3319 349 3398 confudit,
377 3318 448 3397 ,uhi
470 3319 628 3401 utriusque
648 3319 768 3403 imperii
786 3318 889 3383 Duces
912 3320 951 3383 ad
973 3320 1048 3385 lines
1072 3337 1168 3402 prope
1191 3327 1293 3386 castra

188 3429 334 3492 hahuisse
354 3429 526 3508 videntum,
552 3447 648 3510 prope
672 3428 780 3492 Nooca
800 3430 1236 3512 [cl.supraadl.19.]iuisse
1258 3431 1292 3494 lt

187 3539 262 3600 Ant.
278 3539 315 3600 ad
329 3557 358 3617 p.
372 3538 439 3601 illl¹
453 3540 481 3616 i.
493 3541 521 3602 9.
537 3538 753 3620 transcriptum
778 3540 880 3604 docet.
924 3540 1033 3604 Lanius
1058 3539 1189 3618 (Canum.
1203 3542 1251 3606 rei
1262 3560 1291 3624 p.

188 3647 223 3710 u.
237 3646 303 3711 Xll.
318 3649 348 3723 9,
360 3645 408 3726 6.)
423 3647 493 3728 ,uhi
515 3648 609 3713 hodie
629 3656 675 3713 est
698 3647 821 3713 Meoaeh
844 3666 932 3713 mons
954 3650 1028 3713 vino
1047 3666 1205 3733 generoso
1231 3668 1293 3714 no-

187 3753 342 3831 bilitatus,
383 3757 464 3836 quod
499 3758 686 3841 Simigiense
713 3760 781 3849 sivq
815 3759 1168 3841 Quinqueecclesiense,
1196 3759 1291 3844 vulgo

189 3862 462 3929 Schwtamerwetn
479 3874 656 3931 vocamus“.
700 3860 890 3932 D'Anvillius
912 3869 942 3930 in
966 3869 1026 3932 tab.
1040 3886 1149 3952 geogr.
1161 3886 1247 3949 poor
1261 3869 1293 3933 to

189 3971 262 4035 diss.
284 3990 340 4033 aar
359 3956 531 4037 Taurunum
561 3978 609 4056 (in
633 3977 812 4061 „llemoirea
836 3978 873 4040 tie
892 3979 1001 4042 l'ocod.
1021 3979 1075 4041 dea
1096 3978 1190 4043 inser.
1218 3985 1290 4045 tom.

189 4081 360 4162 XXVlll.“)
375 4101 487 4146 nomen
504 4086 546 4148 ihi
565 4086 633 4151 fere
653 4088 828 4168 collocavit,
850 4089 902 4152 ubi
924 4089 997 4153 hod.
1011 4108 1079 4171 opp.
1090 4088 1220 4152 llohoca
1233 4096 1291 4172 est,

189 4191 280 4272 eiquo
304 4193 435 4253 accessit
456 4194 593 4258 hluchar.
617 4215 646 4277 p.
663 4198 734 4260 265.
755 4196 854 4278 ,Berp
882 4198 1035 4261 awischen
1056 4197 1200 4262 Baraach
1228 4200 1294 4263 and

195 4301 437 4381 l'tiresmortoa“,
464 4321 553 4385 quem
576 4308 706 4371 eundem
727 4309 828 4371 locum
846 4308 926 4373 idem
943 4311 1078 4392 scriptor
1088 4328 1116 4392 p.
1132 4310 1203 4376 263.
1221 4310 1291 4376 Do-
