2918 4914
176 372 181 519 Ι
242 393 1341 470 1110*annonaouorocucnnu.emrosrrrmrnsarnmus.

238 643 309 687 num
331 624 369 703 0,
392 625 515 706 amnem
527 625 572 687 n.
618 627 662 687 Bc
676 625 801 706 aginno
815 625 999 704 Aquiloniae
1018 624 1054 685 ll.
1070 623 1181 704 (Aper,
1194 624 1273 704 depr.
1287 622 1345 685 Lol

238 742 267 796 ct
288 736 447 813 Garunna)
482 736 520 799 ad
553 736 635 797 hunc
666 735 766 797 locum
789 752 963 797 sermonem
986 735 1050 797 sieri
1082 752 1145 796 non
1172 753 1288 815 posse,
1311 740 1344 796 ut

238 845 338 909 Surila
360 845 432 908 olim
457 845 540 924 lecit,
561 864 617 926 per
638 863 673 906 sc
697 845 890 908 manileslum
912 851 979 920 es13
1001 844 1056 908 sed
1076 843 1228 907 iudicatur
1249 862 1345 925 prae-

238 956 393 1036 positione
414 962 553 1019 conlroc
575 957 705 1038 regione
726 955 868 1037 oppidum
886 960 975 1018 anien
992 956 1126 1033 stetisse,
1142 974 1159 1017 a
1179 972 1240 1035 quo
1258 953 1343 1017 aliud

239 1064 420 1146 appellatum
443 1067 491 1143 sil,
521 1073 553 1126 ut
576 1065 952 1146 compluribus-exemplis
976 1064 1066 1128 huius
1089 1065 1184 1145 ipsius
1208 1065 1344 1128 Notitiae

237 1162 369 1255 ultaque
392 1194 463 1257 pars
486 1181 623 1238 leslalur.
669 1176 702 1236 ln
726 1177 790 1256 ipsa
815 1175 950 1238 calniaci
980 1175 1094 1238 vicinia
1117 1174 1343 1256 Noviomagurn

237 1302 350 1348 versus
372 1285 490 1349 viculus
513 1292 559 1348 cst
581 1287 631 1366 qui
663 1304 774 1349 nomen
803 1284 903 1367 Opnes
927 1286 1034 1363 hahet,
1058 1285 1098 1347 dc
1129 1302 1188 1365 quo
1216 1291 1343 1365 praeler

239 1412 352 1459 nomen
373 1395 447 1459 nihil
470 1402 657 1476 comperiam
681 1397 791 1460 habeo.
825 1397 949 1459 videant
971 1398 1073 1476 ilaque
1095 1394 1158 1474 alii,
1180 1402 1280 1458 ulrum
1304 1415 1344 1458 ex

238 1504 298 1568 hoc
326 1506 428 1587 aliqua
456 1507 599 1570 vocabuli
626 1508 805 1590 Conlragnii
836 1508 903 1570 sive
932 1507 1125 1588 Controginii
1154 1507 1201 1569 vel
1232 1506 1342 1569 similis

237 1616 402 1698 explicatio
425 1618 556 1698 petenda
577 1617 618 1680 sil
639 1636 758 1681 necne.
792 1619 888 1680 Etiam
904 1618 933 1679 P.
946 1616 1082 1679 Merulae
1098 1616 1341 1698 contragiunum

238 1725 446 1807 displicuisse,
467 1746 506 1790 ex
526 1727 584 1790 hac
598 1727 797 1810 Wesseliogii
821 1727 1020 1790 aduolalione
1038 1727 1148 1789 video:
1171 1726 1342 1806 ,Distantia

238 1835 277 1899 ad
302 1837 466 1900 Calnacum
490 1856 514 1899 s.
529 1838 655 1917 Clrounp
680 1837 717 1900 ad
748 1838 861 1901 lsaram
884 1838 985 1913 ducii,
1008 1838 1060 1899 ubi
1083 1842 1206 1917 praeiet
1228 1836 1264 1898 ll.
1278 1837 1342 1899 Va-

237 1945 345 2010 lerium
375 1947 405 2010 P.
423 1947 537 2011 Merula
560 1949 591 2010 L.
611 1948 660 2010 lll.
680 1947 930 2030 Cosmogrparl.
942 1947 977 2009 ll.
993 1965 1021 2027 p.
1034 1947 1106 2009 364.
1119 1947 1184 2008 eius
1207 1945 1343 2026 vestigia

236 2056 369 2135 invenit,
393 2058 499 2137 paucis
522 2063 646 2134 lamen,
672 2056 799 2136 opinor,
834 2056 923 2118 lrdem
947 2056 1101 2132 facturus,
1125 2053 1341 2128 Centumalum,

236 2173 269 2230 ul
289 2168 415 2248 propius
438 2186 455 2229 a
478 2166 597 2249 vulgari
622 2166 738 2229 castelli
762 2165 913 2228 vocabulo
938 2167 1027 2242 absit,
1051 2166 1111 2227 hoc
1134 2165 1204 2226 loco
1227 2163 1343 2248 legen-

237 2275 308 2339 dum
328 2295 413 2339 esse:
437 2276 605 2340 reclamant
626 2277 707 2338 enim
730 2295 803 2338 mss.
818 2276 968 2338 llinerarii
993 2274 1182 2357 elNotiliai⁸
1228 2273 1344 2336 Pauci-

237 2385 296 2448 roli
319 2387 464 2463 adiectio,
488 2387 750 2468 Conlraginenscs
774 2406 808 2464 ,a
833 2386 969 2466 Reginca
987 2385 1077 2447 eiiam
1094 2383 1207 2464 oppido
1222 2382 1344 2466 Belgici
1403 2462 1406 2469 Ι

239 2496 269 2558 in
294 2495 410 2559 scheda
433 2495 554 2558 Volscri
576 2496 837 2575 [Tab.Peul,l.d]
858 2500 985 2576 possent
1004 2494 1157 2557 derivari“
1179 2491 1273 2575 digna
1296 2500 1344 2556 esi
1403 2478 1406 2491 ’

241 2604 365 2668 homine
388 2606 440 2685 qui
464 2607 597 2686 quinque
620 2607 765 2668 brevibus
793 2605 954 2669 versiculis
984 2610 1046 2667 ires
1078 2604 1137 2666 sibi
1168 2603 1343 2666 contrarias

239 2714 409 2778 senientias
432 2714 521 2777 simul
544 2716 609 2795 pari
637 2733 744 2778 omnes
768 2714 975 2778 benivolentia
1000 2713 1140 2794 amplecli
1169 2713 1277 2793 poiuil.
1301 2748 1344 2762 -·

236 2821 439 2904 Nooiomupo]
473 2825 554 2887 ldem
588 2825 766 2888 Paucirolus
790 2832 966 2906 postquam
991 2829 1077 2888 recte
1102 2823 1140 2887 ad
1168 2824 1201 2885 li.
1213 2823 1286 2885 Ant.
1300 2832 1342 2904 [p.
1449 2840 1451 2879 l

237 2933 323 3015 362]
337 2934 464 3012 rettulit,
488 2935 620 3013 ,scheda
639 2936 761 2998 Volseri
778 2935 862 3011 [Tala.
875 2936 958 2998 Peul.
977 2936 997 2998 l.
1014 2935 1050 3014 C]
1066 2933 1106 2996 ad
1121 2933 1259 2997 Rhenum
1281 2951 1344 3014 po-

235 3044 308 3124 nil“,
334 3042 461 3107 adicere
483 3062 545 3107 non
570 3045 734 3124 dubitavil,
760 3045 879 3108 scillaei
907 3043 1017 3132 oppida
1041 3042 1150 3123 Noyon
1172 3048 1203 3106 el
1225 3041 1344 3123 n'pmc-
1449 3054 1451 3061 '

233 3174 291 3238 pen
309 3173 402 3219 unum
424 3155 568 3237 oppidum
591 3157 674 3219 fecii.
701 3163 731 3219 cl
752 3175 849 3237 nuper
871 3157 962 3219 eliam
986 3154 1138 3235 Zumplius
1161 3151 1344 3234 polliano
1449 3214 1451 3229 ,

234 3266 480 3348 Noviomagnum
493 3265 639 3349 Belgicae
657 3266 691 3328 ll.
707 3283 775 3328 cum
785 3266 978 3346 Noviomago
991 3263 1175 3327 Germaniae
1182 3262 1217 3325 ll.
1230 3263 1345 3341 (,jelsl

235 3373 444 3456 neaeman«)
471 3377 620 3439 conludii.
646 3377 717 3457 quid
744 3375 825 3456 quod
849 3393 950 3438 rerum
974 3374 1167 3456 Belgicarurn
1193 3373 1341 3452 scriptor,

235 3484 416 3567 Schcycr*,
442 3502 510 3547 cum
535 3485 612 3548 alios
637 3486 896 3566 reprehenderet,
928 3502 984 3564 pro
1016 3482 1114 3546 veleri
1141 3499 1255 3544 novum
1278 3499 1342 3544 non

235 3597 386 3660 minorem
409 3613 548 3660 onorem
572 3597 768 3676 opponeret?
812 3597 909 3659 Bliarn
932 3594 1079 3658 simlerus
1106 3610 1212 3674 parurn
1242 3611 1342 3655 accu-

235 3711 303 3769 rate
332 3706 370 3769 ad
394 3706 429 3767 ll.
440 3707 511 3768 Ant.
526 3725 553 3787 p.
566 3705 638 3770 379.
650 3706 808 3769 aduolauit
823 3706 933 3784 ,Liber
951 3706 1020 3768 Nol.
1033 3705 1257 3786 Noviomaguur
1281 3724 1343 3767 no-

236 3822 520 3835 —Q—--u--a

335 3883 364 3951 ⁶)
379 3884 427 3935 Les
444 3901 514 3955 pays,
529 3884 573 3936 bas
593 3894 673 3936 acan!
696 3893 719 3935 el
739 3885 833 3936 durani
852 3883 880 3934 lu
897 3883 991 3935 domin.
1004 3885 1077 3935 Bom.
1087 3881 1203 3936 Bruxell.
1214 3881 1291 3935 1858.
1301 3882 1339 3934 8⁰.

237 3977 371 4046 locans.
384 3983 489 4032 nol.2.:
509 3982 569 4045 „La
590 3981 681 4033 Nolice
701 3982 731 4032 de
751 3981 868 4052 l'empirc
892 3981 1021 4049 placeam
1041 3997 1115 4048 corps
1137 3979 1167 4030 da
1187 3978 1264 4031 Be'ies
1285 3980 1341 4031 Bc.
1425 3992 1427 3997 ·

234 4084 306 4127 loces
328 4076 552 4146 dNooiomapus,
572 4080 639 4130 mois
668 4082 729 4130 c’est
753 4078 916 4146 Neumnperm
940 4079 1000 4146 prds
1027 4078 1058 4129 de
1081 4077 1172 4129 Tricas
1201 4076 1341 4145 {oppidum

237 4171 365 4244 Belgicae
383 4173 502 4238 Primae,
521 4191 573 4226 non
589 4177 755 4245 Secundac],
779 4175 869 4242 qa'elle
891 4176 996 4243 ddsa‘pne
1017 4183 1041 4226 el
1065 4191 1118 4225 non
1143 4173 1167 4224 le
1188 4173 1342 4242 Neouragus

235 4269 265 4321 de
285 4270 313 4321 la
332 4270 451 4334 Bclacie,
471 4288 567 4323 comme
585 4272 648 4323 dont
670 4290 717 4323 cru
737 4275 753 4322 α’
776 4279 827 4322 loct
846 4273 963 4339 quelques
982 4281 1102 4324 aulum:
1124 4269 1208 4322 Pracl.
1222 4267 1341 4322 lai.Bal.

239 4369 482 4436 contragincnsium
503 4367 667 4437 noviomago
687 4366 815 4436 Belgicae
833 4369 990 4420 secunda&
