2918 4914
343 398 570 454 cir.xxxr1n.
596 401 637 452 an
654 378 1061 468 rm.113*.n.ao...aa.
1161 384 1253 458 883*

91 590 92 597 '
121 582 125 589 ¹
148 618 218 664 nem
241 602 273 663 in
292 601 565 684 hod.„Elrclapton
584 621 642 663 aar
665 582 871 666 tc·Daracen't“
887 606 1062 688 repperisse
1084 607 1144 670 sibi
1165 608 1252 671 visus

149 717 212 790 est,
237 710 370 777 Gilesius
400 713 532 794 denique
565 712 604 775 ad
635 730 724 776 suuni
750 714 819 778 liic.
835 714 940 778 Corin.
952 715 972 778 l.
983 710 1252 780 c‘lterweanoaa'

147 827 323 885 annotatum
346 822 437 886 habet
460 840 518 902 ,on
540 823 589 885 tlte
610 821 766 898 Derwcnt,
790 841 868 886 neor
889 824 1196 909 stamford-Bridqc“
1221 834 1252 892 et

148 930 312 1011 Gortonus,
337 951 426 1014 quern
448 934 519 997 vide
541 934 581 996 ad
602 952 631 1014 p.
647 935 731 998 tw.
740 935 847 1010 illd.
858 952 904 1016 sq.
916 936 1094 1017 exhibitum,
1109 937 1251 1001 Derven.

148 1041 261 1104 tionem
282 1044 417 1123 stetisse,
441 1044 495 1107 ubi
518 1061 599 1107 nunc
623 1043 766 1125 oppidum
779 1041 999 1123 Littlceltcster,
1022 1053 1132 1128 couatp
1146 1045 1251 1129 Derbp

148 1158 204 1231 cst,
228 1152 366 1218 affirmat.
412 1155 518 1217 Totum
541 1171 664 1218 versum
687 1155 789 1235 itaque
811 1155 858 1219 sic
879 1155 1049 1237 explicem:
1072 1157 1249 1223 Praefectus

146 1261 213 1325 eius
235 1265 353 1327 numeri
377 1264 675 1346 Supervenientium,
699 1264 824 1328 militum
849 1266 1170 1348 naviculariorum),
1198 1268 1249 1349 qui

145 1370 184 1437 ab
205 1374 318 1454 oppido
344 1375 499 1454 Petuaria,
522 1374 565 1436 ibi
589 1375 673 1454 sito,
699 1374 751 1437 uiri
773 1394 855 1439 nunc
879 1377 967 1440 vicus
991 1375 1116 1458 Brouqlt
1139 1395 1179 1439 oa
1202 1376 1251 1439 tlte

144 1480 279 1546 Humber
301 1483 443 1547 conditus
463 1490 520 1564 est,
545 1490 709 1566 propterea
730 1484 812 1566 quod
834 1484 908 1549 olim
930 1485 973 1548 ibi
995 1486 1106 1550 stativa
1131 1485 1251 1552 habue-

144 1600 206 1672 rat,
231 1613 343 1658 nornen
371 1597 486 1678 gessit,
512 1596 572 1657 iarn
602 1602 703 1658 autem
725 1595 936 1659 Derventione
958 1596 990 1657 in
1012 1597 1169 1677 praesidio
1192 1602 1249 1677 est,

143 1706 163 1769 i.
177 1726 204 1770 e.
219 1706 271 1770 ubi
293 1706 387 1770 hodie
410 1704 531 1785 Aoldlry
550 1721 577 1769 s.
594 1702 692 1786 Olddy
714 1705 752 1769 ad
778 1707 936 1771 sinistram
955 1706 1102 1770 Derwent
1123 1726 1150 1770 s.
1165 1707 1249 1787 Dar?

143 1822 226 1880 want
240 1817 269 1878 ll.
284 1817 390 1898 ripam,
414 1817 446 1880 in
463 1816 628 1881 comitatus
641 1815 850 1879 Eburacensis
871 1814 1013 1879 orientali
1035 1823 1122 1898 parte
1134 1815 1251 1901 (Eust-

142 1926 281 2019 Ridinp),
305 1929 503 2010 conspicitur.
543 1926 685 1989 Cetemm
709 1924 789 1989 haud
806 1926 1065 2013 praetqreundum
1088 1946 1160 1991 csse
1175 1947 1251 1992 cen-

141 2055 210 2115 seo,
233 2038 387 2120 hodieque
411 2040 554 2120 oppidum
577 2019 819 2101 Deruentionem
838 2034 1018 2119 (Deruent)
1044 2037 1075 2099 in
1094 2037 1248 2118 Cambria,

141 2165 238 2229 prope
254 2148 472 2211 Coctermoutt
494 2148 552 2228 (ei.
563 2152 626 2211 not.
640 2146 678 2209 ad
691 2147 719 2221 i.
731 2148 797 2225 tu.)
814 2164 990 2227 superesse,
1015 2146 1054 2209 dc
1077 2164 1137 2228 quo
1152 2147 1250 2211 Volk-
1284 2184 1287 2189 -

143 2276 244 2322 mann.
256 2259 305 2322 tv.
320 2259 430 2340 poso.
439 2279 448 2336 ;
471 2258 501 2322 id
516 2277 603 2337 vero,
625 2258 651 2321 si
666 2257 864 2339 Concangios
884 2262 970 2319 recte
984 2257 1016 2319 in
1029 2256 1102 2319 lrod.
1113 2255 1249 2319 Coclrer..

142 2367 244 2429 mootlt
265 2369 484 2449 quaesivimus,
507 2364 823 2446 Derventionemque,
848 2366 887 2429 de
911 2384 969 2446 qua
994 2365 1167 2430 h.l.sermo
1190 2374 1247 2448 est,

143 2479 273 2542 eandem
296 2497 366 2543 csse
389 2497 456 2542 curn
478 2479 689 2543 Derventione
704 2478 738 2542 lt.
752 2475 824 2541 Ant.
836 2475 1030 2557 sumpsimus,
1048 2475 1111 2539 h.l.
1125 2475 1250 2541 indica-

141 2592 203 2650 tum
224 2606 286 2651 non
311 2594 367 2652 est.
1091 2657 1094 2662 ,

225 2699 272 2760 Ex
296 2697 407 2762 tabulis
432 2714 511 2779 quae
539 2699 739 2780 sequentibus
768 2697 867 2761 tribus
899 2696 1023 2781 paginis
1054 2696 1249 2778 exhibentur,

142 2807 263 2873 docilius
293 2809 501 2873 recentiorum
528 2810 568 2874 de
597 2808 761 2891 praesidiis
786 2832 842 2873 rra
866 2830 986 2873 rasam
1010 2829 1110 2871 vicm-
1128 2806 1251 2871 eonsti-

141 2918 212 2981 tutis
235 2919 397 3000 opiniones
420 2920 560 3001 conspici
583 2925 736 3001 poterunt.

228 3063 269 3078 —-
292 3030 319 3105 ir.
334 3032 400 3110 92]
420 3029 517 3092 dinen
540 3030 569 3092 h.
583 3030 602 3091 l.
620 3046 682 3092 non
706 3029 814 3093 stricte
836 3025 1065 3108 longitudinem
1085 3025 1154 3088 sine
1178 3024 1250 3088 lati-

142 3140 247 3203 tadinc
270 3146 300 3203 et
322 3138 492 3218 altitudine,
515 3146 548 3202 ut
571 3141 670 3203 Varro
691 3138 765 3203 olim
787 3138 924 3215 detiniit,
947 3136 1005 3199 sed
1027 3140 1156 3198 tractum
1178 3133 1251 3197 lon-

139 3249 260 3333 giorem
281 3251 381 3312 minus
412 3248 506 3312 latum
528 3249 692 3331 significat.
723 3254 815 3332 alque
837 3268 877 3313 ex
899 3264 1017 3331 genere
1043 3245 1167 3326 quidem
1188 3245 1250 3309 lle-

139 3376 306 3423 xuosarum
336 3360 414 3422 haec
446 3359 530 3422 linea
564 3358 636 3423 luit:
668 3378 731 3422 non
764 3359 866 3423 omnia
900 3354 1028 3420 castella
1061 3352 1250 3437 militumque

141 3471 291 3533 stationes
315 3469 414 3532 XXlll
441 3470 521 3532 inira
546 3471 718 3533 recensitas
741 3471 900 3552 adipsum
925 3466 1044 3530 Vallum
1075 3464 1249 3532 acclinasse

140 3579 197 3643 sed
217 3579 388 3643 nonnullas
409 3579 570 3643 meridiem
592 3597 703 3643 versus
717 3582 793 3643 sitas
809 3581 907 3644 luisse
926 3581 1043 3658 ponat,
1057 3592 1159 3656 neque
1172 3594 1249 3641 vero

142 3690 181 3752 de
201 3690 337 3751 omnium
361 3689 421 3752 situ
446 3690 523 3754 satis
546 3690 637 3753 notris
660 3698 791 3754 constat.
828 3691 874 3753 De
890 3687 980 3752 vallis
991 3685 1139 3753 Romanis
1154 3688 1252 3749 verlra

141 3802 279 3863 tacturus
310 3800 485 3884 aegerrime
515 3800 604 3880 sero,
629 3800 711 3882 quod
741 3801 791 3865 his
822 3801 929 3879 tibris,
954 3815 1033 3879 quos
1057 3796 1252 3860 consuluisse

141 3910 254 3988 velim,
279 3927 391 3989 carco,
416 3911 479 3973 loa.
497 3910 698 3975 Warburtoni
718 3913 808 3976 Vallo
831 3913 970 3976 Romano
997 3905 1113 3970 Lond.?
1131 3906 1251 3986 17152,

140 4019 274 4082 Horslcii
288 4019 445 4083 Britannia
468 4021 555 4085 llam.
568 4022 665 4086 Lond.
680 4022 769 4085 1739.
784 4020 840 4085 iol.
856 4041 883 4084 c.
896 4018 992 4094 tabl,
1013 4015 1104 4079 Alex.
1113 4013 1253 4078 Gordoni

139 4129 279 4191 itinerar.
293 4129 544 4209 septentrionale.
569 4131 667 4195 Lond.
684 4131 774 4196 troo.
787 4149 859 4213 sqq.
875 4127 979 4194 ll.·iol.
994 4132 1025 4191 et
1043 4125 1139 4206 Iioq’s
1165 4122 1253 4185 ltili·

140 4244 210 4319 tory
232 4236 423 4318 dattqotties.
476 4240 546 4305 'l'ria
568 4242 647 4305 valia
676 4243 875 4308 sinemurus
897 4234 1252 4317 (si¹h.'l.diderantiam
1335 4315 1341 4325 Ι

139 4367 218 4431 quae
239 4350 319 4415 inter
342 4351 455 4417 vallum
478 4371 515 4416 ac
537 4371 654 4419 murum
677 4352 813 4439 obtinet,
828 4360 946 4438 utpote
966 4368 1075 4437 perso
1093 4347 1168 4414 satis
1191 4361 1258 4410 no-.
1341 4420 1344 4427 ,
