2918 4914
201 360 292 437 988*
309 384 555 435 aanormnnor.
568 383 637 432 oco.
648 386 769 433 aaran.
783 382 1294 437 raerrosrrvmurommmas.

199 589 253 651 nit.
271 607 318 671 ap.
338 589 447 652 Donat.
464 589 535 668 983,
557 589 604 652 10.
622 608 648 651 s.
663 588 756 652 Oroll.
778 587 884 669 abab,
916 607 1005 671 quem
1037 589 1191 653 exhibebo
1221 589 1297 653 inira

200 699 239 763 ad
263 718 329 782 cap.
351 699 450 780 xiv„
481 700 635 780 Dyconius
661 699 823 763 Sextcnins
852 719 891 762 ex
918 699 1077 762 Praefecto
1111 698 1221 762 elassis
1242 699 1297 763 La·

199 810 280 875 tinae
303 810 520 889 [PPolaticae‘l
547 810 781 890 Salonitanac‘l]
802 830 832 873 v.
847 831 873 873 c.
893 811 956 888 (nir
978 809 1184 887 clarissimus)
1209 832 1298 871 rarr-

199 940 248 987 ses
280 945 579 987 necennensium.
607 922 704 984 lactus
735 920 866 1004 legitur,
899 921 973 984 ilem
1008 921 1040 983 in
1062 920 1230 985 Misenensi
1255 936 1297 1000 ap.

199 1032 292 1096 Orell.
314 1032 408 1097 3596.
429 1033 604 1115 praelectus
638 1031 746 1095 classis
779 1032 865 1110 Par)
898 1032 1193 1112 P(erseclirsimus)‚
1225 1029 1298 1093 alius
1337 1006 1341 1025 ¹

198 1167 300 1206 ruber·
322 1167 424 1206 avxtb.
448 1167 524 1206 ΟΜΝ.
545 1167 643 1206 enisu.
661 1168 707 1210 PR.
728 1167 860 1205 RAVENN·
882 1142 1027 1211 tlon-nisi
1061 1167 1122 1204 vta.
1148 1166 1297 1205 DVCEMR·

199 1251 365 1333 appellatur
387 1252 477 1329 (ibid.
492 1251 586 1315 3622.
603 1252 851 1331 oretanae),
876 1253 906 1313 in
929 1270 988 1333 quo
1021 1253 1181 1335 dignitatis
1206 1270 1299 1316 voca-

197 1361 269 1425 bulo
300 1362 411 1424 lrustra
442 1360 601 1424 nonnulli
628 1363 803 1425 haeserunt.
845 1361 949 1425 Paullo
973 1364 1147 1426 accuratius
1176 1362 1207 1424 b.
1227 1361 1300 1425 lde

197 1491 233 1536 re
258 1472 411 1550 classica,
441 1472 579 1534 adhibito
612 1472 833 1536 commentario
857 1472 969 1536 olima
1002 1493 1050 1536 me
1080 1474 1162 1536 edito
1195 1473 1299 1554 dispu-

197 1581 279 1645 tabo.
325 1581 534 1645 Classioorum
557 1582 683 1645 militum
707 1584 785 1664 apud
811 1584 968 1647 Romanos
994 1584 1025 1645 in
1047 1583 1225 1647 universum
1246 1583 1300 1646 de-

197 1689 294 1753 terior
316 1708 405 1772 quam
429 1692 585 1756 terrestris
614 1692 741 1755 militiae
764 1692 908 1755 condicio
930 1692 998 1773 luit,
1017 1693 1073 1756 sed
1094 1711 1154 1755 non
1169 1694 1301 1757 omnium

199 1800 308 1864 eadem
332 1818 369 1864 eo
391 1802 581 1882 potissimum
605 1807 760 1883 tempore,
787 1803 824 1866 ad
850 1802 931 1883 qood
955 1802 1044 1866 nobis
1075 1803 1301 1884 respiciendum

199 1917 255 1973 ost.
300 1911 333 1974 ln
365 1910 456 1973 rebus
486 1913 616 1974 nauticis
647 1930 798 1993 nunquam
825 1912 1009 1976 excelluisse
1040 1915 1195 1977 Romanos
1228 1912 1301 1975 satis

197 2026 301 2084 nolum
323 2025 379 2099 est,
405 2027 435 2083 et
456 2020 598 2102 Polybius
618 2023 667 2084 vt.
681 2024 731 2084 59.
752 2023 783 2084 in
803 2022 863 2085 hac
886 2042 920 2085 re
941 2023 1034 2106 longe
1055 2042 1110 2085 eos
1138 2022 1301 2106 Carthagi·
1346 2102 1348 2109 Ι

198 2129 357 2193 niensibns
386 2130 552 2194 inferiores
577 2131 718 2213 appellnt.
773 2132 872 2194 Etiam
896 2132 951 2194 sub
981 2132 1169 2212 principibus
1201 2149 1301 2195 rerum

197 2241 301 2322 potitis
332 2241 364 2303 in
393 2240 532 2305 navalem
564 2241 701 2304 militiam
728 2248 869 2324 tarrqnam
902 2242 1107 2306 sordidiorem
1137 2261 1174 2304 ac
1203 2242 1302 2305 minus

198 2350 360 2414 honestant
391 2351 526 2415 libertini
551 2352 669 2415 ordinis
694 2352 836 2415 homines
867 2353 1007 2435 sociique
1036 2352 1160 2416 navales
1184 2351 1304 2415 daban-

200 2466 256 2542 lur,
280 2461 374 2525 veluti
397 2462 435 2524 ab
450 2463 621 2527 Octaviano
638 2463 676 2525 Α.
690 2463 799 2546 viginti
821 2463 903 2527 milia
923 2481 1084 2526 servorum
1106 2463 1303 2527 manumissi

198 2571 236 2634 ad
261 2589 376 2635 remum
399 2572 462 2634 dati
490 2578 561 2634 sunt
582 2574 681 2649 (Suet.
696 2575 803 2639 Octav.
819 2574 896 2654 lb),
922 2574 1092 2655 classisque
1113 2574 1302 2638 Rauennatis

198 2697 338 2762 magnam
368 2687 486 2762 partem
508 2682 664 2745 Dalmatas
693 2683 929 2764 Pannoniusque
959 2684 1055 2747 luisse
1077 2684 1148 2745 Tac.
1162 2682 1238 2746 llist.
1253 2683 1301 2745 lll.

200 2791 412 2868 12.testatur;
439 2791 478 2854 ila
502 2798 591 2855 antea
615 2811 736 2873 quoque
760 2812 856 2855 nares
879 2794 1039 2856 navalibus
1063 2795 1159 2856 sociis
1184 2794 1302 2857 civibus

196 2900 342 2964 Romanis
366 2900 417 2981 qui
440 2901 618 2964 servitutem
639 2902 809 2964 servissent
825 2902 1066 2983 complebantur,
1090 2903 1217 2985 ingenui
1234 2879 1303 2965 lan-

197 3017 258 3073 tum
279 3016 312 3073 ut
334 3011 372 3072 iis
394 3018 585 3092 praeessent.
602 3013 682 3088 (Liv.
695 3013 755 3075 XL.
770 3014 817 3076 18.
833 3013 1080 3091 XLll.97.rcll.)
1111 3014 1195 3077 Duas
1220 3014 1304 3078 clas-

198 3140 260 3201 sem
283 3140 374 3184 unam
397 3122 519 3200 Miseni,
542 3121 668 3185 alteram
684 3124 850 3186 Ravennae
873 3123 911 3184 ad
936 3123 1059 3187 tutelam
1076 3125 1179 3204 superi
1202 3131 1232 3188 et
1253 3125 1304 3186 in·

197 3231 259 3294 ieri
284 3231 376 3294 maris
401 3232 438 3295 ab
465 3231 635 3296 Octaviano
656 3232 695 3293 Α.
712 3231 879 3295 collocatas
897 3234 955 3309 (ol.
969 3232 1050 3296 inira
1069 3233 1106 3296 ad
1118 3235 1163 3310 ld.
1177 3234 1225 3297 10.
1239 3245 1303 3316 sq.)

198 3342 336 3423 aliasque
368 3342 503 3404 minores
536 3342 574 3404 ab
602 3341 710 3404 eodem
737 3342 888 3404 institutas
913 3361 984 3405 esso
1005 3351 1108 3406 notum
1131 3350 1187 3406 cst.
1213 3344 1302 3424 (Tac.

197 3451 336 3515 AnnslV.
350 3453 393 3530 5.,
412 3450 615 3514 distillat.
631 3452 969 3535 ci.Lips.1nagn.llom.
981 3455 1002 3519 l.
1018 3455 1065 3532 5.)
1095 3453 1150 3516 scd
1171 3454 1304 3518 classia-

197 3562 313 3625 riorum
333 3561 460 3623 militum
484 3561 540 3634 sub
557 3561 726 3625 Octaviano
748 3565 844 3625 ruaria
866 3563 1053 3645 fluminaque
1074 3565 1219 3627 tuentium
1244 3584 1304 3628 nu·

199 3690 315 3735 merum
328 3671 386 3733 Dio
403 3671 538 3751 Cassiam,
564 3678 733 3752 postquam
755 3672 897 3755 legiones
920 3675 976 3735 sub
1002 3695 1039 3738 eo
1063 3675 1227 3738 militantes
1249 3693 1304 3739 rc-

199 3781 320 3844 censuit
340 3783 415 3858 (LV.
430 3782 517 3859 Pl),
542 3783 716 3846 accuratius
742 3783 884 3847 indicare
913 3802 1006 3865 posse
1031 3792 1140 3869 negat:
1165 3785 1304 3869 singulas

197 3891 337 3974 legiones
363 3911 431 3954 cum
462 3893 612 3956 classibus
638 3893 715 3974 aqud
742 3894 890 3956 llisenum
920 3901 951 3957 et
974 3896 1149 3961 Ravennam
1181 3897 1305 3960 stetisse

199 4135 285 4188 tiente'.
324 4135 349 4188 ll
365 4139 456 4206 paroit
479 4138 617 4191 seulement
637 4139 698 4208 qu'il
716 4158 732 4208 q
752 4143 821 4193 auoit
841 4141 884 4193 dor
905 4142 1025 4210 officiare
1043 4151 1067 4195 et
1091 4144 1135 4194 der
1155 4144 1238 4213 Carpo
1257 4143 1306 4195 de-

198 4233 277 4285 stinas
296 4235 314 4284 d
332 4235 417 4286 sarcir
436 4252 481 4286 rar
503 4234 539 4288 les
556 4239 644 4306 dotes,
665 4247 689 4290 at
707 4256 754 4306 que
774 4241 811 4291 les
830 4240 927 4297 caldata
952 4241 982 4292 dc
1010 4258 1051 4292 cer
1076 4257 1152 4310 corps
1172 4243 1306 4309 croyoimt

198 4338 299 4383 menter
315 4330 376 4382 d'orr
388 4330 471 4401 grado
489 4334 577 4401 qanrtd
593 4334 626 4387 ila
641 4338 781 4405 poaooieot
797 4355 891 4409 passer
909 4337 975 4391 dans
996 4336 1032 4390 les
1055 4338 1182 4409 ldqiorrr‘t

141 4578 148 4597 ι
187 4534 1357 4585 “mmm-*W
