2918 4914
242 367 1338 467 1tbb*tur.apenodariam-..maruuruorrncrauurcuomr.

238 607 291 656 ces
317 590 349 652 in
377 590 546 671 potioribus
575 592 708 674 quinque
736 590 854 657 insulae
879 593 1006 657 urbibus
1036 592 1174 656 vicissim
1197 591 1340 656 hiemare

238 700 407 780 debebunt,
430 702 592 782 ,quonium
616 707 753 782 tempore
775 702 884 767 hiemis
907 701 1063 784 navigatio
1092 692 1191 782 saepe¹
1209 701 1341 783 pericu-

239 809 306 879 losa
325 817 400 890 ests,
413 817 446 875 ut
458 811 524 874 Vel.
533 811 614 874 Grat.
626 818 656 874 et
666 811 719 874 Th.
730 813 761 875 b.
772 812 800 874 6.
811 813 844 876 G.
857 811 896 875 de
910 810 962 875 off.
972 816 1143 892 reetpror.
1154 811 1234 875 lto
1244 828 1341 891 prae-

239 921 377 1002 cipiunt]
464 921 497 984 ln
518 923 682 1002 praetoriis
703 923 753 985 ubi
779 923 825 986 ius
849 922 1018 1001 dicebatur,
1040 921 1129 984 altius
1150 920 1285 985 tribuual
1299 920 1339 984 ud

174 1088 177 1117 ἰ
228 1029 318 1094 bunc
343 1048 431 1095 usum
460 1036 595 1096 erectum
620 1038 703 1112 erat,
736 1031 780 1095 illi
804 1030 898 1096 credo
929 1031 1045 1109 simile,
1069 1032 1158 1112 quale
1179 1030 1340 1095 vitruvius

236 1137 391 1204 lib.ll.c.l.
404 1140 480 1205 dicit
502 1158 537 1204 se
560 1141 591 1203 in
607 1139 680 1205 lulla
704 1141 832 1204 basilice
850 1140 973 1204 fecisse.
991 1138 1156 1206 ‘Tribuual'
1169 1136 1341 1220 inquit‘est

175 1259 178 1273 '
238 1250 270 1313 iu
292 1267 329 1313 eu
347 1250 426 1318 aede
449 1250 611 1331 hemicycli
632 1249 797 1315 schematis
827 1251 947 1313 minore
970 1256 1134 1315 curvatura
1153 1248 1341 1329 formatum,

174 1350 177 1381 ¹
236 1361 257 1422 i.
269 1379 295 1423 e.
309 1376 371 1422 uon
390 1366 456 1424 erut
471 1378 609 1439 curvum,
631 1360 886 1441 quemadmodum
910 1359 1013 1424 lornix
1031 1360 1196 1425 termarum
1221 1377 1342 1440 aquae

173 1508 176 1551 ,
236 1468 391 1549 ductuum,
413 1476 446 1539 ut
468 1470 585 1533 faceret
606 1470 833 1535 semicirculum
854 1470 1028 1548 rotundum,
1049 1469 1104 1533 sed
1127 1469 1211 1533 velut
1232 1487 1340 1535 arcum

173 1568 176 1593 ¹
236 1578 397 1659 formabar,
412 1578 454 1648 ita
473 1585 506 1645 ut
522 1597 638 1645 cornua
660 1578 808 1645 distarent
830 1581 960 1661 pedibus
977 1578 1079 1645 XLVl.
1104 1578 1250 1643 Amedio
1264 1598 1342 1643 cur·

235 1694 363 1755 loturae
390 1707 486 1771 usque
514 1689 553 1757 ad
584 1690 697 1755 lineam
720 1707 868 1755 cornuum
892 1690 1126 1755 intercedebant
1146 1689 1243 1770 pedes
1272 1689 1340 1754 xv,

235 1799 296 1865 Sed
319 1799 398 1864 baec
421 1800 520 1866 torma
542 1817 604 1865 nou
622 1818 744 1881 semper
767 1800 930 1864 observata
952 1800 1024 1863 luit:
1049 1799 1152 1880 coepit
1173 1799 1256 1862 enim
1279 1799 1340 1862 tri-

235 1909 344 1990 bunal,
369 1916 402 1972 ut
423 1911 466 1975 ait
486 1910 642 1990 Isidorus,
665 1929 735 1974 esse
754 1911 843 1974 loeus
867 1911 987 1984 editus,
1010 1910 1048 1973 ad
1073 1927 1162 1989 quem
1184 1926 1240 1989 per
1261 1927 1341 1993 gra-

235 2020 292 2085 dus
315 2021 541 2086 ascendebatur
556 2021 625 2098 [sed
639 2020 730 2084 aliter
744 2020 817 2084 lsid.
827 2021 924 2102 Etym.
934 2018 998 2082 XV.
1010 2018 1042 2099 4,
1052 2019 1128 2100 toa,
1147 2018 1199 2080 ubi
1213 2018 1246 2080 in
1260 2019 1340 2082 sub-

234 2130 299 2195 limi
320 2130 433 2195 sedens
456 2132 653 2213 magistratus
670 2132 717 2194 ius
738 2131 871 2210 dicebat,
896 2129 1024 2193 inferius
1039 2127 1340 2192 insubselliisscri-
1399 2150 1402 2155 ·

235 2242 293 2307 bau
316 2241 489 2324 degebaut3
519 2241 634 2305 inimo
657 2259 733 2305 vero
757 2241 825 2304 solo
848 2241 970 2304 stabant
991 2239 1166 2321 litlgantes,
1187 2237 1340 2319 mamad-

235 2351 357 2416 modum
374 2352 456 2416 Zeno
473 2352 522 2427 (L.
534 2350 586 2414 ult.
597 2351 629 2414 C.
640 2351 690 2414 ubi
707 2357 804 2415 senat.
819 2352 868 2413 lll.
880 2351 948 2427 24.)
960 2349 1118 2428 describit,
1140 2348 1192 2428 qui
1205 2346 1340 2428 loquens

235 2462 274 2527 do
296 2461 406 2527 illustri
428 2479 487 2525 reo
509 2462 647 2525 criminis
670 2462 752 2525 laeto
765 2458 916 2524 ‘sedendi’
936 2457 1087 2540 iuquit‘in
1105 2458 1205 2539 aliqum
1226 2475 1339 2522 sacre·

234 2571 304 2634 turii
325 2578 424 2652 parte,
449 2588 529 2652 quae
552 2571 704 2635 iudicibus
727 2571 877 2649 interior,
900 2568 1117 2633 altercantibus
1142 2585 1218 2630 vero
1241 2584 1341 2648 supe-

232 2681 298 2751 rior
320 2698 391 2744 esse
411 2680 568 2757 videatur,
592 2679 759 2742 licentiam’
779 2680 913 2743 babebit.
957 2678 1150 2741 Praeclaram
1174 2676 1341 2740 tribunalis
1447 2752 1449 2759 Ι

234 2791 365 2856 iormam
385 2788 500 2851 Notitia
529 2790 560 2851 in
583 2788 744 2852 consulari
773 2789 956 2870 Campaniae
984 2791 1215 2868 repraesentem
1246 2784 1339 2848 loeus
1447 2862 1449 2885 Ι

235 2898 351 2978 aliquot
373 2895 522 2978 gradibus
545 2897 695 2975 eminens,
719 2897 750 2958 in
767 2897 868 2960 medio
889 2898 1000 2961 solium
1015 2898 1062 2960 ius
1078 2895 1210 2959 dicentis
1231 2894 1341 2975 babet,
1447 2896 1449 2954 ἰ

234 3026 326 3089 supra
349 3023 520 3091 purpureae
543 3008 682 3070 cortinae
704 3008 803 3070 anulis
819 3026 987 3089 suspensae
1001 3006 1040 3070 ud
1060 3006 1157 3070 latera
1172 3005 1337 3069 deducun-

232 3125 292 3198 tur,
315 3135 395 3199 quae
411 3117 611 3197 complicatae
631 3117 743 3181 taciem
757 3118 917 3181 tribunalis
934 3117 1089 3198 aperiunt:
1107 3117 1138 3179 id
1153 3122 1215 3178 lum
1227 3114 1340 3179 Velum
1398 3180 1403 3213 1
1447 3096 1449 3105 ’

232 3229 364 3295 levatum
391 3228 560 3292 vocabatur
583 3229 632 3308 (b.
647 3229 676 3290 5.
695 3228 727 3291 0.
741 3229 781 3292 de
803 3229 945 3312 naulrag.
958 3227 1010 3291 Xl.
1026 3229 1084 3306 5.).
1116 3225 1340 3291 obducebatur

232 3358 307 3405 vero
327 3359 397 3404 curu
420 3338 459 3401 de
483 3338 719 3402 condemnando
739 3338 789 3401 vel
810 3338 1001 3401 absolvendo
1015 3336 1237 3414 deliberabant,
1252 3336 1339 3399 unde

233 3450 440 3516 secretarium
465 3449 635 3512 uocabatur
658 3449 706 3523 (L.
718 3448 771 3510 ult.
785 3448 818 3511 C.
829 3448 883 3511 ubi
897 3454 995 3510 senat.
1011 3445 1136 3525 illua,
1157 3446 1190 3509 L.
1201 3445 1230 3507 2.
1247 3445 1282 3508 G.
1297 3445 1338 3509 de

233 3578 320 3642 prox.
335 3558 631 3637 ss.scrin.Xll.1ll.,
657 3561 689 3622 L
705 3559 757 3622 ult.
773 3559 805 3623 G.
818 3556 856 3621 de
873 3557 925 3619 off.
941 3559 1003 3620 diu.
1016 3558 1109 3619 iudica
1126 3557 1147 3619 l.
1158 3554 1209 3618 48.
1223 3555 1335 3632 [tud

234 3668 263 3734 9.
274 3671 327 3733 bu
341 3669 423 3735 cde
438 3668 491 3731 off.
503 3675 579 3732 rect.
593 3687 680 3750 prou.
691 3670 712 3731 l.
724 3671 783 3747 tu,
807 3669 839 3731 t
849 3670 879 3731 8.
892 3668 947 3731 Tb.
963 3668 996 3730 C.
1013 3668 1051 3731 de
1065 3666 1173 3729 iurisd.
1188 3665 1223 3729 ll.
1238 3670 1278 3745 1.,
1302 3667 1336 3730 b.

234 3778 327 3842 luc.
340 3779 378 3843 de
394 3780 671 3863 accusattxap).
716 3780 750 3841 ln
772 3778 874 3841 medio
896 3795 972 3842 vero
993 3778 1106 3842 sedens
1127 3777 1174 3839 ius
1197 3773 1336 3839 dicturus

231 3888 341 3951 librum
363 3889 574 3952 mandatorum
596 3889 666 3952 albo
693 3894 795 3970 tapeto
817 3889 990 3969 impositum
1016 3888 1165 3967 babebat,
1183 3886 1338 3967 mamad-

231 3997 355 4061 modum
376 3997 420 4059 ibi
441 4005 612 4078 spectatur:
636 4000 812 4077 [columnae
835 4000 1005 4080 principum
1027 3998 1127 4060 vultus
1145 4015 1336 4077 repraesen-

174 4150 178 4177 ι
230 4111 330 4172 tentes
353 4107 531 4183 adstabaut3
552 4110 634 4173 unde
656 4105 1043 4173 cassiod.vm.vl.ao.‘de
1062 4107 1233 4188 principum
1255 4107 1337 4170 ima·
1400 4154 1404 4193 ,

174 4190 179 4299 'r
231 4218 304 4303 gine
325 4214 526 4296 metuendus’,
550 4225 579 4281 et
600 4214 871 4285 Vl.93.‘Cousidis
884 4220 1039 4302 geniatum
1057 4214 1224 4297 tribunal]
1245 4216 1336 4281 loeus
1401 4264 1404 4309 Ι

176 4360 178 4367 ·
231 4327 284 4391 bic
313 4327 573 4391 alureconsultis
599 4329 791 4393 Auditorium
823 4329 988 4410 appellatur
1011 4334 1059 4404 (ut
1082 4327 1112 4388 in
1133 4327 1168 4390 L.
1181 4327 1233 4391 40.
1246 4325 1284 4388 D.
1295 4326 1337 4390 de
1400 4312 1404 4441 ξ
