2918 4914
206 393 411 444 aaraxxmr.
434 395 474 442 aa
499 395 568 442 aaa.
583 364 1125 469 98&ll 9.sq....mc.99*.l.d.
1147 369 1238 445 725*

143 596 316 660 lluabarius
345 614 457 678 „prope
486 593 709 657 llaaurwertlrss
730 595 749 656 i.
763 615 789 656 e.
809 595 939 657 viculum
970 595 1000 656 in
1034 595 1172 659 exeuntis
1203 592 1235 658 in

148 706 318 768 Danubium
338 707 398 768 rivi
410 705 577 768 Scbwocba
599 705 666 783 (ubi
689 705 810 767 stetisse
824 704 930 767 Villam
944 704 1000 767 Gai
1012 703 1144 790 Tabulae
1154 703 1237 767 Peut.

145 832 207 878 nou
227 816 307 878 bene
328 816 487 898 Hormayr.
502 835 530 897 p.
545 816 595 880 92.
610 815 749 895 opinatus
768 821 841 893 est),
862 833 953 895 supra
968 813 1157 876 Fiscltament
1178 813 1238 891 (ci.

144 924 292 988 Hersill.
307 925 455 1005 unilt).
480 926 546 1006 ipse
570 943 690 1007 quoque
706 925 793 987 Alam
816 926 931 988 Novam
956 924 995 987 ad
1017 924 1095 987 ostia
1112 923 1241 986 Sabaeo-

145 1035 238 1114 cbae,
260 1035 494 1115 Aequinoctium
519 1036 556 1098 ad
580 1036 656 1098 ostia
682 1033 808 1096 Fiscbae
832 1041 862 1098 et
884 1036 915 1097 in
937 1034 974 1097 iis
996 1033 1177 1112 ruderibus,
1201 1033 1240 1097 de

145 1143 254 1226 quibus
275 1144 366 1206 modo
390 1144 501 1206 dictum
524 1150 587 1222 est,
614 1144 798 1225 quaesierim
819 1144 994 1226 (Hormapr.
1008 1143 1028 1204 l.
1047 1164 1074 1205 e.
1089 1141 1240 1221 „Fiscia-

145 1253 241 1331 mend,
263 1271 311 1315 roo
333 1253 427 1314 reboo
447 1253 488 1314 im
507 1253 617 1332 srciltea
629 1252 810 1332 Mittolalter,
833 1255 864 1315 in
881 1252 1068 1333 Salaburper
1088 1251 1241 1315 undPar-

145 1381 239 1425 sauer
271 1361 451 1440 Urlrundeu,
474 1364 608 1438 unalter,
630 1363 795 1443 mdebtr'qer
818 1363 935 1425 Huiueu
956 1362 1156 1442 Hrwribnuup
1181 1381 1240 1443 pe·

144 1471 302 1548 robiebt“).
355 1473 457 1553 ltaque
492 1473 724 1535 diversaenon
756 1473 880 1535 multum
914 1474 992 1536 inter
1028 1493 1063 1537 se
1091 1470 1242 1536 ‘dillerunt

147 1583 317 1664 opiniones.

197 1673 271 1741 ’-
292 1694 320 1769 pt.
343 1695 388 1774 4.]
414 1692 568 1772 equinocie
594 1690 638 1770 H,
671 1693 881 1772 aequinoctiale
907 1698 976 1752 auor
982 1696 1032 1727 ·····
1035 1742 1041 1755 .
1086 1691 1243 1772 Aequino-

146 1802 236 1864 ctium
255 1821 318 1866 sec.
331 1802 402 1864 Tab.
414 1802 509 1881 Peut,
527 1821 656 1883 quacum
681 1804 824 1865 convenit
842 1805 875 1866 lt.
890 1803 959 1865 Ant.
976 1804 994 1865 i.
1006 1824 1048 1887 c,
1066 1803 1147 1867 Xllll
1159 1804 1197 1866 bl.
1210 1803 1242 1864 Ρ.

145 1911 224 1975 inira
245 1912 457 1974 vindobonam
480 1912 667 1993 totidemque
693 1931 784 1993 supra
806 1913 989 1975 Carnuntum
1012 1913 1084 1990 luit,
1111 1911 1192 1993 quod
1212 1911 1242 1973 in

146 2021 217 2085 bod.
231 2022 331 2084 vicum
351 2020 539 2083 Fiacbament
558 2023 632 2095 (ie.
646 2021 773 2084 Fischae
794 2022 901 2101 ostia),
926 2029 958 2084 ut
983 2022 1143 2103 superiore
1167 2010 1241 2085 nota

146 2130 288 2208 diximus,
313 2131 436 2208 incidit3
458 2137 487 2193 et
502 2131 561 2193 iam
576 2130 722 2215 Simlerus
736 2138 822 2194 recte
839 2131 995 2194 annotavit
1009 2128 1255 2211 ,l'irebmund“.⁴

150 2237 362 2303 Viscaltmuudr'
386 2242 416 2301 in
439 2240 604 2321 diplomate
628 2241 667 2304 de
689 2239 852 2315 condendo
881 2241 1069 2304 monasterio
1088 2241 1119 2302 in
1139 2245 1241 2302 monte

143 2351 333 2432 Hotwigensi
358 2348 552 2428 (Gdttweiab)
573 2369 600 2412 a.
618 2351 707 2414 1083.
728 2350 798 2414 dato
821 2358 885 2432 (ap.
898 2350 1057 2432 Hormayr.
1077 2349 1239 2413 Wienetc.

146 2460 339 2524 Hrlruudenb.
354 2480 382 2542 p.
396 2459 464 2538 Xl.)
479 2461 600 2543 legitur.

233 2607 270 2620 -
295 2571 322 2646 l.
346 2573 390 2651 5.]
412 2565 496 2633 Haec
519 2569 569 2631 Ad
592 2568 752 2632 Herculem
775 2576 877 2635 castra
901 2589 968 2635 cum
999 2570 1036 2634 iis
1061 2549 1139 2651 quae
1160 2569 1241 2634 idem

141 2699 255 2746 nomen
285 2681 423 2764 gerentia
453 2682 663 2762 superioribus
692 2681 841 2762 capitibus
874 2688 1099 2761 memorantur,
1132 2680 1240 2763 eadem

143 2792 241 2855 faisse
260 2791 324 2852 vult
343 2789 531 2870 Paucirolus,
555 2796 586 2852 ut
608 2797 670 2852 tres
687 2790 800 2869 Duces,
823 2791 998 2854 Pannoniae
1022 2793 1179 2873 utriusque
1204 2810 1260 2854 aa.
1298 2810 1301 2893 p

143 2901 304 2978 Valeriae,
328 2900 366 2961 ad
389 2918 513 2962 suorum
537 2899 663 2961 limitum
694 2889 770 2962 dnes
802 2906 903 2963 castra
933 2901 1035 2963 iuncta
1064 2901 1242 2964 habuissent
1299 2900 1301 2907 '

143 3028 225 3092 ,non
249 3010 343 3091 longe
369 3009 407 3070 ab
429 3009 490 3072 hoc
512 3008 643 3090 oppido,
667 3014 698 3070 et
720 3010 790 3071 ideo
814 3027 937 3091 semper
958 3011 1104 3092 scriptum
1127 2990 1174 3074 est
1194 3010 1244 3072 Ad
1271 3074 1276 3088 ,

144 3116 314 3197 Hermetem,
338 3120 357 3180 i.
370 3136 396 3179 e.
412 3106 506 3198 prope
523 3119 684 3181 Herculem
700 3136 755 3181 eos
768 3125 1001 3184 castrametatos
1015 3121 1139 3184 suisset
1164 3138 1242 3201 quae

144 3229 264 3293 somnia
287 3235 392 3291 narret
415 3227 502 3306 aliis,
532 3245 594 3289 non
615 3227 715 3289 nobis.
746 3226 784 3289 cl.
808 3246 886 3308 quae
904 3230 941 3291 ad
965 3229 1242 3308 p.95*.,ll.13.et

99 3304 101 3395 l
145 3338 438 3425 lbannotavimus.
477 3337 636 3417 Hodieque
658 3337 1033 3433 inter'celebratissimum
1058 3338 1155 3403 lacum
1168 3339 1242 3402 Pei-

144 3447 461 3513 nonems.Pelsonem
486 3445 771 3524 (Neuriedlcr-See)
795 3447 862 3510 sive
885 3426 964 3513 inter
987 3447 1129 3528 oppidum
1154 3446 1242 3509 Neu-

144 3557 260 3621 rr'edls.
277 3556 408 3619 Neaider
429 3555 635 3620 Mosouiensis
665 3557 825 3618 comitatus
857 3563 946 3637 atque
977 3557 1079 3619 vicum
1104 3555 1243 3621 Petronel

146 3668 183 3731 ad
210 3667 383 3753 Danubium
419 3674 553 3730 veterum
589 3664 841 3728 munimentorum
874 3666 1063 3729 vallorumve
1096 3666 1241 3750 reliquias

144 3778 253 3843 multas
280 3795 442 3859 superesse
466 3762 604 3852 constat,
639 3775 668 3836 in
700 3775 809 3856 quibus
840 3775 931 3838 etiam
960 3776 1037 3840 haec
1066 3777 1105 3840 de
1134 3778 1241 3860 quibus

145 3889 244 3971 agitur
267 3894 367 3950 castra
388 3886 563 3968 quaerenda
589 3903 659 3948 esse
683 3886 903 3948 contenderim.
1300 3810 1303 3979 ἔ

228 4036 268 4047 -
289 3998 315 4072 l.
339 3997 383 4076 6.]
410 3996 550 4057 Gerolata
563 3988 658 4056 HM.
683 3995 829 4058 Gerulata
845 3996 877 4058 lt.
891 3996 973 4072 Ant,
997 3995 1150 4058 Gerulatis
1166 3996 1241 4070 (abl.
1300 3988 1303 4079 l

146 4106 421 4189 plur.)'l'ab.l‘ent.
442 4105 609 4169 secundum
639 4113 796 4186 utrumque
826 4107 856 4167 in
884 4105 985 4168 medio
1016 4107 1095 4167 inter
1117 4105 1241 4168 Flexum
1300 4099 1321 4199 i¹
1445 4166 1449 4177 ,

148 4214 265 4295 (Ooar)
288 4223 318 4278 et
332 4217 518 4283 Carnuntum
542 4224 653 4297 (prope
669 4218 700 4278 S.
717 4215 930 4295 Petranellue),
954 4217 1038 4277 utin
1061 4214 1241 4278 blasonieu-
1299 4172 1302 4239 ⁴

145 4326 186 4390 sis
210 4326 371 4390 comitatus
394 4325 505 4406 oppido
528 4324 681 4405 Harlburq
700 4344 724 4387 s.
740 4323 899 4406 Kertburp,
925 4324 1087 4386 Orosaoar
1109 4320 1236 4401 (blarsil.
1269 4244 1312 4507 'h

99 4454 1313 4580 'Qu‘
