2918 4914
93 170 1274 337 ΓΜ

392 391 558 443 sarasar.
585 368 1009 454 anrto.128*.ii.1t·t‘l·
1140 370 1249 445 1193*

156 608 232 673 quae
259 592 407 673 capitibus
419 591 648 657 XVlll...XXll.
661 592 812 657 habentur
834 610 902 656 cum
924 592 1122 657 annotatione
1144 591 1182 657 ad
1198 608 1253 657 eos

153 701 251 766 locos.
276 703 379 784 itaque
401 703 440 767 de
463 704 594 785 Illyricis
617 709 730 767 tantum
745 703 939 767 Praesidibus
960 703 1011 767 hic
1030 702 1181 787 agendum
1198 719 1255 768 su-

149 817 264 892 perest,
289 812 307 873 i.
319 833 345 875 e.
358 811 513 893 Valeriae,
533 814 560 876 si
582 814 703 877 tandem
728 813 902 878 Praesidem
926 831 962 877 ea
982 831 1113 895 unquam
1136 813 1252 893 habuit,

149 920 325 987 Pannoniae
348 922 477 1002 Primae,
503 924 687 988 Noricorum
710 923 852 1005 Ripensis
871 929 901 987 et
921 922 1150 1003 Mediterranei,
1174 937 1252 1003 quos

150 1050 258 1096 omnes
279 1033 394 1114 pariter
415 1040 505 1114 atque
520 1016 720 1098 Coniularem
744 1035 920 1110 Pannoniae
941 1034 1113 1113 Secundae,
1136 1033 1253 1097 Corre-

149 1148 267 1206 ctorem
300 1143 410 1208 Saviae
444 1145 680 1227 Praesidemque
709 1144 878 1210 Dalmatiae
907 1146 963 1208 sub
996 1146 1062 1226 ipso
1090 1143 1251 1209 Praefecto

147 1254 303 1333 praetorio
329 1254 433 1317 ltaliae
456 1255 570 1334 luisse,
600 1274 668 1320 eum
699 1257 850 1338 illyricum
875 1255 1069 1320 occidentale
1095 1253 1250 1323 vicarium

146 1379 212 1426 non
232 1362 371 1443 haberet,
394 1364 469 1427 satis
493 1366 532 1428 ad
552 1368 712 1446 superiora
735 1368 833 1447 capita
856 1367 1027 1448 expositum
1050 1371 1106 1429 est.

286 1484 288 1489 ’
488 1491 533 1543 ΒΕ
556 1491 724 1545 voluntat:
745 1492 912 1545 uenustus

149 1604 251 1669 netpae
274 1587 304 1649 id
327 1587 436 1669 ipsum,
459 1606 525 1652 eum
551 1591 705 1671 quondam
727 1592 894 1669 exstitisse,
918 1597 951 1653 ut
971 1608 999 1671 p.
1014 1589 1153 1655 691*.ex
1172 1589 1251 1653 Ams-

147 1697 250 1760 miano
274 1697 379 1780 colligi
401 1717 494 1780 posse
518 1700 661 1778 diximus,
684 1719 739 1782 pro
761 1708 846 1764 certo
871 1700 1096 1765 aliirmaverim.
1126 1698 1250 1765 Valeria

143 1809 288 1889 Ripensis
311 1815 394 1873 certe
419 1810 506 1873 huius
519 1812 652 1875 Notitiae
673 1818 811 1892 tempora
826 1810 980 1892 proprium
993 1809 1169 1875 Praesidem
1184 1825 1248 1875 non

143 1918 300 1998 habuisse,
323 1919 379 1982 sed
403 1920 564 1984 Consulari
586 1922 760 1986 Pannoniae
782 1923 922 2003 paruisse
945 1922 1076 1999 videtur,
1100 1938 1168 1985 cum
1189 1939 1249 1985 ne·

145 2029 256 2107 quein
278 2028 382 2092 lodice
406 2038 451 2111 (p.
465 2030 528 2110 tit.)
541 2048 641 2111 neque
663 2030 743 2093 inter
764 2031 902 2112 illyricas
924 2030 1084 2095 Praefecto
1096 2029 1126 2092 P.
1141 2028 1248 2097 ltaliae

143 2137 281 2200 subditas
303 2141 662 2220 (p.10‘.)provinoias,
687 2158 762 2222 quas
791 2161 847 2205 sex
873 2147 986 2205 tantum
1015 2141 1111 2205 luisse
1141 2145 1248 2220 aperta

144 2246 311 2312 indicatum
333 2255 398 2329 est,
423 2256 642 2329 recenseatur3
675 2253 730 2313 scd
755 2270 816 2315 non
838 2252 898 2315 nisi
922 2253 978 2316 sub
1000 2251 1135 2317 Ducibus
1161 2250 1247 2317 eius·

144 2355 214 2419 dem
240 2360 354 2421 mentio
376 2359 438 2445 irat,
461 2379 490 2441 p.
503 2362 585 2436 ὀᾞ.
597 2362 638 2439 2,
660 2360 763 2440 p.93*.
778 2362 805 2435 i.
823 2361 870 2425 14.
882 2366 912 2424 et
929 2379 994 2442 cap.
1009 2360 1130 2425 llllllll.
1143 2360 1246 2442 itaque

148 2483 226 2547 quae
241 2466 411 2532 deValeria
426 2488 453 2549 p.
470 2471 554 2533 ttae
566 2470 797 2550 disputavimus,
816 2488 897 2533 nuno
912 2471 953 2534 ita
969 2470 1160 2552 expedienda
1174 2488 1247 2537 esso

144 2575 326 2641 videantur:
351 2596 419 2641 cum
440 2578 497 2641 sub
513 2578 635 2641 Galerio
658 2579 801 2659 propriae
824 2580 1002 2661 provinciae
1024 2598 1135 2644 nomen
1158 2580 1246 2645 aeci-

143 2692 231 2766 peret
242 2687 362 2751 Valeria
375 2688 431 2766 (cl.
446 2707 474 2770 p.
487 2687 574 2751 1462
583 2689 680 2766 init),
702 2688 741 2752 ad
766 2689 926 2753 militarem
949 2689 1161 2768 solummodo,
1183 2708 1246 2753 non

143 2795 216 2860 item
238 2797 276 2859 ad
301 2799 422 2862 civilem
451 2797 746 2862 administrationem
770 2800 799 2862 id
828 2800 1001 2881 spectabat:
1030 2801 1171 2882 proprius
1190 2817 1247 2882 per

105 2898 108 2903 ’
144 2910 275 2971 tractum
296 2908 503 2972 Pannonicum
526 2909 668 2974 Valeriae
694 2910 834 2989 ducatus,
857 2927 920 2973 non
942 2910 1135 2991 praesidatus
1155 2910 1245 2973 eliam

144 3015 241 3081 lactus
265 3024 322 3081 est.
351 3036 451 3101 neque
474 3021 540 3100 ipse
561 3021 741 3084 Araurianus
765 3036 809 3101 tp.
828 3020 934 3096 dliv.)
955 3021 995 3083 de
1016 3018 1159 3101 praeside
1182 3020 1246 3084 Va-

140 3123 237 3190 leriae
270 3127 321 3208 qui
354 3146 371 3190 a
402 3128 563 3191 consulari
593 3129 768 3191 Pannoniae
792 3129 953 3193 Secundae
980 3130 1121 3192 diversus
1151 3133 1245 3208 esset,

142 3235 238 3300 verba
263 3236 357 3316 facit,
383 3255 462 3320 quae
485 3239 585 3320 polius
610 3256 670 3318 quo
695 3239 793 3301 minus
817 3238 856 3302 de
878 3238 981 3303 olfieio
1002 3238 1154 3320 praesidis
1178 3238 1244 3301 eius

141 3347 339 3426 provinciae,
363 3349 449 3411 ouius
473 3349 615 3429 oppidum
638 3349 791 3429 Sopianae
814 3349 919 3426 luere,
942 3366 1092 3430 quamque
1112 3348 1245 3429 scriptor

140 3455 228 3519 miles
241 3464 329 3521 sueto
343 3476 427 3522 more
436 3458 588 3522 Valeriam
599 3459 738 3539 appellat,
752 3459 803 3522 ie.
814 3458 853 3521 de
865 3458 968 3522 oiiioio
978 3458 1155 3523 Consularis
1165 3459 1244 3521 Pan-

140 3566 255 3629 noniae
277 3567 313 3630 ll.
329 3568 535 3649 accipiamus,
564 3567 665 3632 nullae
695 3567 917 3657 interpretandi
942 3567 1029 3650 leges
1057 3567 1242 3649 impediunt:

140 3692 211 3737 nam
234 3677 396 3741 consulare
421 3677 554 3741 otiioium
578 3679 753 3743 rectissima
775 3679 866 3742 etiam
889 3678 1075 3759 praesidiale
1098 3678 1161 3742 dici
1185 3696 1245 3759 po·

140 3784 236 3848 tuisse
258 3791 318 3851 tam
340 3806 446 3851 verum
469 3794 526 3867 est,
551 3806 640 3869 quam
662 3806 780 3870 genere
800 3790 936 3870 speciem
958 3788 1121 3852 contineri.
1164 3789 1242 3852 Huic

140 3894 384 3978 interpretationi
410 3916 510 3980 neque
531 3900 683 3963 Ammian.
700 3900 780 3963 xlx.
800 3901 848 3976 11,
862 3897 892 3961 4.
902 3898 1003 3962 obstat
1021 3898 1243 3980 ,..imperator

139 4003 290 4069 Valeriam
314 4009 408 4087 venit,
432 4017 548 4089 partem
571 4011 724 4090 quondam
744 4009 929 4087 Pannoniae,
952 4009 1006 4072 sed
1030 4008 1068 4071 ad
1091 4007 1241 4074 honorem

140 4114 294 4196 Valeriae,
313 4118 497 4181 Diocletiani
520 4119 611 4199 filiae,
633 4127 664 4184 et
678 4121 842 4183 institutam
857 4127 888 4182 et
904 4120 945 4182 ita
966 4119 1240 4202 cognominatam“,

138 4242 240 4309 neque
263 4227 340 4290 Viot.
354 4228 392 4291 de
410 4230 552 4293 Ouessa.
566 4230 738 4312 40.„euius
762 4230 904 4312 [Galerii]
927 4231 1026 4313 gratia
1052 4230 1241 4311 provinciam

137 4341 245 4403 uxoris
267 4341 392 4405 nomine
409 4341 561 4407 Valeriam
586 4342 775 4425 appellavitt‘,
792 4362 895 4426 nequo
916 4345 1045 4428 Optatus
1060 4344 1173 4426 Milev,
1189 4341 1241 4409 ubi

93 4538 1274 4609 ======——--—--—--—-=m
