2918 4914
595 221 1320 355 ,ψει-τπ--τ--ᾴ-ΜἿ

143 616 253 678 ordine
275 616 401 679 militine
425 616 558 680 decurso
581 616 774 680 huiusmodi
796 616 960 697 dignitates
975 617 1161 698 acceperint,
1177 634 1248 681 esse

142 725 383 791 discretionem:
406 746 502 808 quare
524 719 680 792 immunes'
696 746 751 791 eos
775 726 883 790 baberi
905 727 1099 790 decernimus
1122 728 1174 807 qui
1187 726 1248 790 mi-

143 836 230 900 litine
253 838 482 920 praerogativo,
505 844 539 901 ut
554 838 682 921 <lignum
704 843 761 917 est,
785 837 825 900 ud
848 837 1031 899 tribunatum
1052 838 1249 919 praepositu-

140 965 232 1010 rosvo
255 949 478 1028 perveniunt*.
507 949 724 1013 commonendi
747 954 847 1012 nutem
869 954 941 1012 sunt
957 948 1090 1010 Comites
1113 953 1164 1010 out
1178 947 1246 1010 llu-

141 1072 195 1119 oes
219 1056 358 1138 militum,
381 1065 415 1121 ut
436 1066 467 1123 ot
488 1059 546 1140 ipsi
571 1077 626 1122 eos
648 1059 803 1122 relevatos
826 1076 897 1122 esse
920 1063 1123 1141 cognoscant,
1147 1073 1248 1138 nequo

142 1165 259 1247 aliquid
279 1168 340 1231 bun
363 1171 488 1234 nomine
509 1171 547 1233 ab
570 1170 618 1232 his
641 1168 849 1252 flagitandum.
892 1169 939 1233 De
963 1168 1072 1249 quibus
1087 1167 1126 1230 ad
1140 1183 1247 1230 omues

140 1276 289 1339 militares
319 1279 438 1343 iudices
470 1280 556 1361 paria
589 1281 704 1361 scripto
727 1279 905 1342 direximus.
927 1278 999 1341 Πολ.
1010 1276 1065 1341 XI.
1076 1276 1135 1339 ίισί.
1146 1275 1246 1356 April

140 1384 248 1449 Romo.
272 1387 412 1450 Honorio
427 1388 509 1452 VIII.
523 1395 551 1451 et
568 1389 736 1452 Τίιαοάυείο
752 1389 813 1452 III.
827 1387 895 1453 ΛΑ.
905 1395 1004 1452 coss.“
1023 1398 1066 1466 (u.
1077 1386 1150 1450 409.
1169 1385 1248 1461 [sive

138 1495 217 1559 407.
232 1497 272 1559 cl.
290 1497 475 1583 Gothosr.]).
500 1536 541 1549 -
571 1500 683 1566 Milites
710 1499 863 1564 classiarii
886 1505 917 1562 et
946 1499 997 1581 qui
1026 1498 1083 1562 sub
1107 1494 1248 1559 Tribunis

152 1665 450 1682 *Ἡ

238 1748 267 1819 ’γ
287 1749 328 1801 Ilo
347 1752 380 1802 iis
399 1754 445 1820 qui
465 1751 692 1805 testimonialibus
712 1751 806 1804 fraudo
824 1751 952 1820 quaesitio
971 1750 1091 1802 ueterani
1111 1748 1184 1814 liunt,
1203 1747 1249 1816 qul

142 1843 239 1897 milites
264 1861 318 1898 non
337 1848 451 1914 fuerint,
473 1856 513 1902 est
532 1852 559 1900 in
577 1850 606 1901 L.
622 1851 664 1901 12.
680 1848 766 1901 Tine.
782 1848 841 1903 eod.
856 1854 882 1899 ot
901 1847 934 1899 de
955 1848 1038 1899 abusu
1057 1861 1104 1913 per
1123 1848 1245 1915 gratiam,

140 1956 194 1993 non
219 1959 267 2010 per
289 1947 384 1997 moritu
405 1947 438 1998 ad
463 1946 607 2016 dignitates
630 1944 823 2010 adscondondi,
845 1944 1081 2012 locupletissimum
1104 1958 1247 2012 argumen-

139 2044 194 2090 tum
213 2041 323 2094 exbibet
343 2043 440 2112 Agath.
456 2043 518 2096 bist.
532 2046 562 2097 V.
576 2046 627 2108 15„
649 2044 681 2095 ad
700 2060 778 2112 quem
798 2044 858 2095 ttot.
869 2042 913 2094 Or.
924 2042 1128 2094 commentarius
1148 2055 1173 2106 p.
1185 2040 1247 2093 235.

139 2136 253 2201 rettulit,
275 2154 326 2206 qua
348 2148 456 2208 propter
475 2141 563 2194 locum
582 2141 798 2193 transcribimus:
818 2135 891 2207 ἦσαν
911 2140 941 2194 δὲ
960 2138 994 2194 οὐ
1012 2139 1184 2211 μάχιμοι...
1199 2136 1246 2207 [cl.

139 2247 218 2299 supra
228 2236 336 2301 putto&
349 2239 438 2306 sq.]...
444 2240 638 2310 μεγαλαυχίας
651 2239 842 2310 ἐξευρημένοι.
865 2240 913 2289 καλ
932 2233 963 2290 τά
982 2237 1035 2299 μὲν
1054 2230 1179 2290 παλαιὸν
1196 2232 1248 2288 ουίτ

139 2326 239 2391 ἀλλους
256 2329 337 2390 τινάς
360 2335 391 2387 ἐν
409 2335 500 2395 τοῖςάε
519 2332 642 2406 θεμιτὸν
662 2330 695 2401 ἦν
715 2335 948 2399 κατατάττεσθαι,
965 2333 981 2399 ἢ
1000 2324 1066 2390 τοὺς
1083 2332 1250 2402 αὐτουργεῖν
1288 2332 1290 2337 ’

138 2420 172 2477 τά
192 2429 314 2499 πολέμια
334 2427 518 2502 ἠσκημένους.
537 2436 585 2484 καλ
603 2434 702 2486 τοίνυν
723 2429 790 2484 οὐδὲ
806 2432 941 2503 χρήματα
961 2433 1076 2500 εἰσῆγον
1096 2427 1143 2500 ἐφ’
1163 2417 1246 2500 ηλέν-

139 2524 391 2593 στρατεύσασθαι,
412 2523 482 2579 ἀλλά
499 2531 693 2598 χαριστηρίαν
713 2527 866 2600 διαφανῶς
892 2531 941 2581 καλ
967 2527 1088 2598 ἀζήμιον
1117 2525 1246 2595 ἐάίχοντο

139 2611 190 2686 την
208 2617 303 2694 τιμὴν,
323 2618 374 2676 άτε
391 2623 424 2690 τίη
446 2623 523 2685 ἀξτοι
540 2625 570 2679 ἐκ
589 2624 647 2680 τῶν
664 2628 931 2698 προηγωνισμένων
945 2622 1171 2691 ἀναδειχθέντος·
1190 2623 1248 2690 Ζη-

138 2736 198 2772 νων
217 2717 248 2772 ἀλ
268 2724 401 2790 φαίνεται
419 2717 534 2792 πρῶτος
553 2719 718 2792 άἿσαυρος
734 2717 807 2796 μετά
828 2719 878 2790 την
897 2727 945 2789 τῆς
962 2724 1107 2793 βασιλείας
1125 2721 1249 2787 άνάκτη·

140 2829 188 2870 σιν
207 2809 328 2877 πολλοὺς
346 2816 403 2872 τῶν
421 2816 577 2890 ὁμοφύλων
596 2820 687 2877 τοῖςάε
712 2829 772 2878 τοῖς
791 2820 937 2892 τάγμασιν
956 2813 1165 2888 ἐναριθμάσας,
1186 2813 1249 2885 η’κι-

141 2928 194 2966 στα
213 2913 269 2984 μὲν
293 2915 324 2969 ἐν
345 2917 522 2987 συμπλοκαῖς
546 2915 774 2986 ἀριστεύσαντας
792 2915 808 2983 ἢ
836 2915 908 2976 ὅλως
927 2917 1078 2989 ἐμπείρους
1096 2920 1249 2987 γεγενημί·

139 3026 215 3072 νοῦς,
237 3006 329 3068 άλλως
350 3010 382 3064 δέ
394 3031 456 3073 πως
475 3014 642 3086 γνωρίμους
661 3015 739 3086 αὐτῷ
751 3017 798 3068 καλ
818 3015 957 3080 ξυνήθεις.
987 3010 1046 3066 εἶτα
1066 3012 1200 3072 δοθέντος
1218 3012 1249 3068 ἐν

139 3106 178 3175 τῷ
197 3105 261 3159 τότε
286 3111 336 3160 καὶ
353 3112 586 3183 παρειλημμένου
611 3113 660 3166 τοῦ
688 3113 793 3174 ἐξεῖναι
819 3110 852 3166 οὐ
870 3112 964 3183 μόνον
997 3111 1060 3166 ἀντὶ
1082 3111 1204 3183 μόχθων
1222 3125 1250 3163 τε

140 3205 188 3254 καὶ
209 3201 336 3272 ἀγώνων
356 3211 405 3258 καλ
424 3210 472 3271 τῆς
498 3209 529 3261 ἐν
549 3208 657 3278 μάχαις
683 3208 800 3277 ἀρετῆς,
822 3205 860 3265 ῶς
880 3211 912 3262 ἐν
939 3204 1058 3279 ἀμοιβῆς
1077 3206 1174 3277 τρόιιηι
1203 3209 1251 3259 καλ

139 3302 230 3368 γίρως
250 3302 488 3373 ἐγκαταλίγεσθαι
505 3296 572 3363 τοὺς
591 3303 700 3369 ἀξίους,
728 3299 796 3357 ἀλλά
815 3308 864 3356 καλ
884 3298 949 3363 τούς
967 3298 1155 3358 παντάπασιν
1174 3305 1250 3359 ἀπο·

140 3397 243 3469 λίμους·
260 3398 319 3453 τῶν
338 3397 448 3472 ὁμοίων
465 3401 696 3473 μεταλαγχάνειν
715 3400 750 3455 οά
770 3397 844 3473 πρὸς
863 3398 956 3463 ἀξίαν,
977 3392 1046 3453 ἀλλά
1065 3393 1136 3472 πρὸς
1152 3403 1250 3471 χάριν·

140 3492 276 3556 ἀουίντος
304 3489 336 3563 δὴ
362 3491 414 3554 οὖν
434 3494 604 3565 τούτουτὴν
628 3493 719 3570 ἀρχὴν
743 3499 891 3570 παρῆλθεν
910 3498 1023 3555 εἰκότως
1043 3501 1086 3557 είς
1102 3503 1194 3570 μέσον
1220 3500 1250 3561 ἐξ

139 3590 250 3647 ἐκείνου
270 3595 318 3645 καὶ
340 3592 373 3646 ἐκ
399 3601 456 3651 τῶν
477 3595 633 3668 λημμάτων
654 3596 817 3666 ἐπικουρία,
843 3594 858 3660 ἡ
883 3600 1004 3657 πασῶν,
1026 3593 1063 3654 ῶς
1083 3595 1172 3658 ἔοικε,
1192 3600 1249 3652 τῶν

140 3684 232 3744 ἄλλων
256 3690 473 3764 ἐγκρατεστέρα,
499 3696 548 3746 καλ
577 3688 709 3749 τολοιπάν
731 3695 759 3751 ἐς
778 3694 922 3764 ἐμπορίαν
947 3693 1067 3765 μετίστη
1087 3684 1117 3744 τά
1142 3691 1251 3764 χρῆμα,

141 3782 181 3845 ῶς
192 3790 291 3857 μηκέτι
311 3783 403 3847 άλλως
420 3790 452 3844 ἐν
471 3791 561 3852 τοῖςάε
581 3800 640 3853 τοῖς
660 3789 857 3862 στρατεύμασι
878 3792 1088 3862 καταλέγεσθαι
1107 3782 1251 3858 τοάςβου-

139 3881 297 3955 λομένους,
316 3888 388 3955 πρὶν
409 3881 446 3942 ἀν
465 3893 589 3958 χρυσίου
609 3908 635 3942 τι
652 3890 760 3960 μέτρον
777 3894 952 3942 καταθεῖναι.
991 3889 1071 3940 τοῦτο
1097 3883 1128 3938 ἀλ
1150 3885 1250 3942 ἀποτί-

140 3992 241 4040 ὕανῐίς
262 3975 349 4041 ἕιίθῦς
367 3981 587 4055 ἐγχαράττονται
607 3982 811 4047 ἀνεξετάστως,
836 3987 885 4037 καὶ
903 3987 934 4057 τῇ
952 3979 1017 4056 άλλη
1036 3980 1160 4054 δυνάμει
1177 3981 1247 4040 ἀνα·

141 4077 332 4150 ριθμαῦνται,
354 4083 380 4133 εί
398 4085 446 4134 καλ
466 4083 636 4149 παντάπασι
662 4082 827 4153 πολεμικῶν
846 4083 940 4152 ἔργων
960 4079 1182 4151 ἀνεπιστήμονες
1201 4081 1250 4133 rri-

140 4189 223 4244 χοιεν
244 4174 329 4236 ὄντες.
369 4173 444 4231 οὕτω
462 4197 491 4233 τε
509 4185 555 4246 της
580 4186 700 4252 κρίσεως
724 4179 912 4250 η’μελημίνης,
936 4176 1051 4238 εἰκότως
1070 4176 1128 4248 ἀρα
1151 4175 1254 4243 ἥκιστά

141 4271 350 4329 διαπονεῖσθαι
370 4277 648 4348 καταναγκάζονται,
677 4275 716 4336 ῶς
740 4269 773 4342 ἀη
794 4272 886 4332 ὤνιον
908 4273 1017 4336 ἑλόντες
1034 4266 1064 4329 τὸ
1083 4278 1183 4346 γέρας,
1201 4278 1249 4329 καλ

139 4371 275 4425 πλείστου
296 4371 367 4427 ὅσου
386 4375 543 4448 πριάμενοι
562 4368 612 4442 την
632 4372 745 4447 ἀργίαν.
784 4371 881 4426 Tamen
899 4388 984 4442 usquo
1006 4377 1134 4424 recurret.
