2918 4914
165 234 1402 287 *Qum—ann·

246 377 340 452 882*
363 398 531 451 usnemu
545 401 620 451 uon.
632 403 780 452 onemo.
791 405 939 454 xxxvru.
950 406 1017 454 oux
1029 404 1282 458 ssrrunmum.

244 598 521 679 Stoodsordbridpc
549 620 588 664 ex
617 601 759 666 distentia
790 603 887 666 luisse
915 604 1114 687 colligemus,
1144 607 1196 687 qui
1218 606 1351 669 etiams

245 709 328 773 bello
352 710 395 771 ibi
420 710 585 773 commisso
610 708 816 792 Bottlebridqe
836 719 982 776 vocabum
994 734 1003 789 ;
1028 714 1085 777 sed
1108 716 1247 778 exactius
1269 715 1352 779 idem

243 819 409 903 opcamd.
423 820 550 882 Gibson.
562 840 591 902 p.
603 822 673 886 736.
685 820 750 901 ,lle
771 820 865 907 [uos.
877 822 1044 911 lllorsball}
1063 825 1187 888 shewed
1205 844 1266 906 ms,
1290 825 1353 889 mut

245 936 280 993 ot
304 928 354 991 tlte
378 929 517 991 distance
537 931 620 1010 from
646 929 727 992 l⁷orlr
747 930 766 992 1
778 932 944 995 mention’d
966 935 1033 1013 [vll
1043 935 1082 997 Μ.
1093 935 1150 1013 Ρ.],
1173 935 1257 996 lbere
1279 934 1310 996 is
1331 953 1353 997 o

244 1041 319 1103 little
341 1044 423 1101 locon
451 1039 557 1101 seoted
576 1056 659 1119 upon
688 1040 737 1103 tle
759 1040 923 1122 vernent,
944 1044 1042 1106 called
1067 1044 1190 1127 Auldby
1210 1044 1351 1127 [Oldbyp

244 1150 344 1215 uolricb
367 1149 501 1229 sipoifies
523 1148 557 1210 io
577 1149 686 1212 socon
710 1151 762 1215 the
782 1152 834 1216 old
859 1153 1046 1233 habitation3
1067 1154 1171 1217 solere
1191 1172 1277 1217 some
1299 1173 1351 1217 rc·

240 1261 345 1325 moins
368 1260 407 1338 os
429 1259 577 1341 untiquity
598 1278 655 1322 ore
675 1262 738 1324 still
758 1269 881 1325 estant:
904 1264 967 1327 oud
990 1282 1073 1344 upon
1095 1265 1144 1327 tlte
1169 1272 1223 1345 top
1249 1267 1288 1347 os
1304 1264 1351 1329 tlte

239 1373 299 1437 titt
328 1369 466 1432 towards
487 1369 537 1432 tbe
564 1370 651 1432 rioer
672 1372 700 1433 is
721 1379 752 1434 to
782 1371 917 1436 bessem
945 1374 993 1437 tlte
1022 1373 1150 1437 cubbr‘sb
1177 1376 1216 1455 os
1233 1394 1276 1437 un
1303 1374 1353 1439 old

241 1482 357 1546 cnolle:
381 1498 417 1541 so
440 1479 505 1542 tlot
528 1481 587 1542 tbis
609 1490 721 1544 cannot
742 1482 796 1545 but
811 1483 848 1546 be
869 1485 918 1547 tle
937 1486 1117 1549 Derventio.
1147 1484 1239 1548 From
1259 1485 1351 1549 bessos

241 1594 291 1656 tbc
313 1590 402 1653 riocr
424 1590 512 1669 {loos
533 1592 661 1674 tlrroupb
682 1595 963 1679 Stentordbridge“
977 1601 1007 1659 et
1017 1615 1044 1659 c.
1083 1596 1122 1659 llt
1143 1596 1190 1659 sic
1211 1596 1244 1659 in
1265 1597 1350 1661 llor-

243 1704 314 1769 deni
341 1702 402 1764 lob.
421 1719 532 1785 geogr.
548 1703 707 1767 orientalis
731 1705 827 1785 pertis
850 1706 1012 1769 comitatus
1034 1706 1246 1769 Ebureceusis
1270 1706 1352 1789 legi-

241 1821 292 1879 tur
312 1814 514 1895 ,Derventim
537 1830 618 1875 nunc
641 1813 791 1894 Auldby“.
818 1813 908 1895 Apud
929 1814 1097 1878 Gortonum
1121 1815 1268 1896 oppidum
1290 1833 1350 1880 non

244 1927 381 1991 invenio.
428 1924 502 1987 Post
527 1923 689 1986 beennon
713 1929 779 1988 eret
801 1926 883 2005 quod
907 1926 1121 2007 discreparent
1144 1927 1350 2006 recentiores,

242 2040 324 2102 inter
350 2055 428 2118 quos
454 2032 580 2097 Goleum
603 2051 632 2114 p.
644 2030 695 2095 14.
709 2039 739 2096 el
751 2033 840 2095 Brun.
850 2034 880 2097 lu
892 2035 979 2098 llart.
990 2036 1020 2097 b.
1031 2056 1060 2099 v.
1070 2036 1228 2100 camdeno
1243 2054 1352 2101 esseu-

242 2150 353 2214 tientes
368 2147 480 2221 uideo;
504 2144 682 2209 blennertus
694 2162 723 2225 p.
736 2146 805 2207 126.
818 2144 920 2209 locum
940 2163 1036 2227 prope
1058 2146 1158 2208 vicum
1173 2144 1284 2227 Keoby
1303 2152 1352 2210 eut

243 2258 345 2341 paullo
368 2258 436 2339 plus
462 2272 571 2318 versus
595 2253 757 2317 meridiem
782 2256 888 2336 quaeri
912 2255 974 2319 vult
982 2276 991 2333 ;
1021 2255 1214 2321 Rcicbordus
1240 2262 1351 2337 nutem,

239 2368 482 2433 Derventionem
509 2364 659 2427 ltinrint.
674 2383 803 2448 eamque
824 2366 958 2430 Notitiae
978 2366 1118 2430 diversos
1141 2366 1273 2446 iaciens,
1296 2367 1353 2431 be·

238 2479 295 2544 bet
309 2476 499 2562 „Derventio
520 2477 554 2537 lt.
570 2476 642 2539 Ant.
659 2476 716 2559 Gg.
733 2478 808 2542 Rev.
834 2477 932 2557 Prope
952 2474 1070 2557 lieobp,
1093 2470 1135 2539 od
1154 2477 1184 2539 ll.
1196 2477 1351 2541 Derwent

241 2587 412 2652 Derventio
434 2588 505 2649 Not.
520 2586 594 2665 Imp.
606 2583 737 2666 Derby“.
783 2586 914 2649 Nimium
938 2587 1063 2649 auribus
1085 2587 1218 2667 sonique
1243 2586 1352 2651 simili·

240 2698 358 2775 tudini,
382 2714 490 2777 perum
515 2694 714 2758 solidioribus
737 2696 910 2759 rationibus
936 2696 1071 2759 tribuere
1094 2696 1202 2759 solitus
1225 2703 1274 2759 est
1296 2698 1353 2761 isle

242 2809 392 2889 scriptor:
417 2806 528 2868 ciuitas
550 2803 656 2885 Derby
676 2823 713 2868 eu
729 2805 896 2868 Derventio
918 2812 967 2869 est
987 2824 1066 2887 quse
1091 2807 1122 2868 in
1144 2806 1351 2873 Pseudo-llic.

244 2918 349 2982 Corin.
371 2916 481 2978 itincre
499 2914 606 2977 XVlll.
620 2922 817 2995 memoratur,
841 2932 981 2996 quaeque
997 2933 1066 2978 cum
1082 2913 1290 2978 Derbentiouc
1304 2934 1350 2998 sp.

244 3029 357 3111 Geogr.
371 3027 445 3090 Rev.
456 3024 491 3087 V.
510 3024 561 3087 31.
583 3025 664 3089 inter
687 3024 878 3087 Lutudarum
900 3030 930 3088 et
953 3024 1068 3087 Setinis
1088 3026 1221 3105 positum
1243 3026 1351 3089 endem

243 3140 341 3204 luisse
364 3136 502 3212 videtur,
536 3136 732 3218 cognominis
756 3135 918 3198 comitatus
941 3134 1138 3216 metropolis,
1161 3134 1353 3215 capucium

243 3251 282 3316 ud
295 3247 537 3312 Derventionem
553 3246 584 3307 11.
598 3246 656 3309 site
680 3251 737 3324 est,
759 3244 814 3308 sed
836 3244 875 3309 od
890 3262 960 3308 eum
976 3245 1028 3335 qui
1041 3244 1072 3307 tl.
1090 3243 1182 3305 Trout
1196 3244 1353 3323 miscetur,
1448 3272 1450 3359 p

244 3378 307 3424 non
330 3358 369 3421 od
393 3374 472 3434 cum,
498 3355 537 3417 ‹lc
561 3374 621 3436 quo
644 3356 682 3420 ud
705 3356 735 3417 b.
745 3354 765 3417 l.
780 3354 945 3418 dicendum
966 3360 1042 3433 erut,
1067 3355 1087 3417 1.
1102 3374 1130 3418 e.
1146 3354 1198 3435 qui
1216 3358 1355 3434 permeet

245 3469 422 3534 comitatum
437 3466 666 3530 Eburuccnsem
687 3466 780 3546 inque
791 3465 820 3526 ll.
835 3467 938 3544 Urum,
954 3463 1048 3544 Once,
1063 3464 1126 3527 exit
1137 3463 1194 3538 (de
1208 3462 1355 3527 oeream

243 3578 345 3642 lluviis
370 3578 487 3639 rivisvc
511 3575 542 3638 in
564 3575 707 3638 Cumbriu
730 3591 830 3654 eoque
852 3575 903 3654 qui
929 3573 1025 3638 'l'inse
1047 3573 1212 3652 miscetur,
1234 3572 1267 3635 in
1286 3573 1356 3655 epi-

247 3694 377 3769 scopatu
401 3686 610 3764 Dunelmensi‚
636 3686 774 3747 hicnon
800 3684 868 3766 ogi,
892 3689 925 3746 ut
946 3684 1021 3746 novi
1042 3700 1168 3745 errores
1189 3683 1354 3761 evitentur,
1402 3724 1405 3729 -

246 3798 377 3879 exprimi
402 3798 496 3860 iuvat.
542 3797 689 3859 Dereoent
708 3802 754 3859 cst
776 3794 902 3876 rupidus
924 3794 1025 3869 rivus3
1047 3812 1117 3855 nem
1141 3791 1207 3854 Der
1227 3791 1354 3856 Geeliee

243 3904 404 3988 ‘rapidum‘
428 3906 629 3988 significat.]:
653 3905 809 3986 praesidia
840 3904 942 3967 omniu
967 3903 1028 3966 boc
1053 3902 1152 3983 cupite
1174 3908 1355 3967 enumernls

247 4020 278 4081 in
304 4017 483 4081 borealibus
505 4016 638 4097 Angliae
660 4016 807 4096 partibus,
831 4015 862 4076 in
884 4014 1015 4078 lloximo
1030 4011 1227 4076 Caesariensi
1237 4012 1355 4075 Vuleu-
1398 4062 1401 4067 .

248 4130 350 4208 lisque
377 4128 494 4204 brisso,
519 4127 578 4189 iuru
602 4144 694 4207 supra
720 4126 902 4189 monuimus.
930 4123 1134 4185 nibilominus
1159 4138 1259 4203 nuper
1276 4122 1355 4185 For·

247 4240 376 4321 bigerus
387 4236 435 4297 lll.
449 4254 478 4316 p.
489 4238 560 4299 ubo.
574 4237 739 4300 Reicbordi
762 4237 939 4316 opinionem
962 4234 1118 4298 rettulisse
1138 4232 1214 4295 sutis
1236 4230 1353 4309 hebuit,

251 4348 377 4411 veriore
401 4346 554 4410 sententio
576 4347 700 4410 omrrino
729 4344 958 4428 pruolermissu.
1010 4343 1141 4425 Lupieus
1165 4340 1354 4407 Deruentio-
1397 4340 1407 4577 p
