2918 4914
1095 286 1152 301 ,οὐ

354 434 550 483 onaxxmx.
574 435 614 482 nn
642 436 709 483 mo.
731 416 831 487 117*.
845 414 939 501 po.
954 420 1012 487 10.
1142 411 1234 489 977*

131 638 208 713 102,
245 635 398 698 D’Anvill.
411 654 440 717 p.
456 635 525 698 144.
535 654 593 716 sq,
623 637 736 700 llinola
757 657 784 717 p.
804 639 873 701 1115.
886 655 966 718 sqq,
999 637 1048 698 W.
1068 636 1236 700 llumboldt

75 732 76 770 ³
126 764 270 828 peruiam.
281 745 386 808 Werlre
400 747 435 809 ll.
453 765 484 828 p.
496 747 565 810 106.
579 751 609 809 et
628 756 678 824 ss.
689 749 739 811 23.
750 765 816 828 sqq.
834 747 921 824 inid,
945 747 1096 810 llannert.
1111 747 1147 809 ll.
1160 751 1186 809 l.
1202 764 1233 828 p.

128 856 207 935 mn,
231 855 366 919 Ukertl.
383 876 422 936 o,
447 856 589 920 Simrock
605 877 633 937 p.
647 858 719 921 979.
750 858 887 938 Apparet
910 858 948 920 ab
974 856 1024 919 illa
1038 857 1235 920 Boudobrioa

73 1005 74 1009 =
127 967 277 1030 diversam
293 984 364 1030 esse
378 966 606 1049 Bandobrigam
627 967 657 1027 in
675 968 784 1031 itinere
805 966 976 1030 al'reviris
990 967 1235 1050 Argentoratum

74 1061 75 1116 3
128 1078 203 1140 inter
225 1077 309 1140 illam
332 1077 515 1157 metropolin
543 1078 746 1159 Bingiumque
768 1077 825 1155 (do
850 1094 910 1159 quo
932 1083 1049 1140 temore
1073 1068 1236 1140 coniecta-

127 1192 234 1250 voront
260 1187 409 1250 lletzrodt
429 1186 478 1248 ob.
494 1188 542 1248 die
565 1188 646 1248 allen
669 1186 794 1249 Trierer
813 1198 843 1265 ς.
855 1189 899 1266 8.,
923 1186 1028 1250 Ukert.
1043 1206 1073 1266 p.
1085 1188 1158 1250 517.
1171 1187 1234 1266 alii,

127 1316 184 1361 non
209 1315 282 1362 esse
305 1297 447 1383 Bingium
469 1299 665 1377 Rhemum,
695 1300 735 1361 de
757 1317 817 1380 quo
843 1317 936 1379 supra
967 1300 1106 1380 egimus)
1133 1299 1234 1377 sitam,

18 1444 21 1449 ·
127 1428 143 1472 a
162 1408 300 1472 Treviris
325 1408 439 1487 XVlll,
464 1428 481 1471 a
507 1410 618 1492 Bingio
640 1410 718 1473 XLV
738 1411 776 1473 ll.
787 1410 818 1471 P.
837 1411 904 1472 sive
925 1410 1028 1490 potins
1054 1410 1163 1491 leugas
1186 1409 1238 1472 di-

126 1523 273 1595 stantem,
297 1535 398 1599 neque
419 1517 608 1582 Selissonem
632 1537 649 1581 a
677 1519 789 1600 Bingio
813 1518 911 1582 lllilll
935 1518 974 1579 ll.
994 1518 1026 1580 P.
1038 1519 1106 1581 sive
1127 1518 1236 1602 leugas

127 1628 286 1692 distantem
298 1647 366 1691 cum
376 1628 544 1707 solatione,
556 1628 628 1691 hod.
639 1629 752 1709 oppido
762 1627 830 1690 Sela
843 1628 881 1691 ad
896 1629 1037 1691 Rhenum
1055 1629 1115 1691 silo
1129 1629 1186 1704 (ci.
1197 1627 1237 1691 ad

73 1757 93 1828 ,⁴
127 1738 243 1818 pulo&
256 1738 285 1813 l.
297 1736 369 1812 ult.)
383 1737 530 1800 conlundi
554 1738 679 1800 dehere.
707 1737 786 1801 Olim
803 1755 859 1817 pro
871 1736 1074 1816 Boudobripa
1090 1738 1236 1817 scriptum

128 1847 219 1911 luisse
239 1846 482 1927 Drodooodripo
504 1854 534 1911 et
557 1866 613 1928 pro
637 1848 799 1910 Sullamne
816 1845 1003 1908 ‘Dumnisso'
1029 1847 1107 1924 lusi,
1131 1855 1164 1908 ut
1184 1846 1237 1910 illa

77 2009 80 2022 .
128 1957 245 2021 mansio
271 1958 304 2018 in
336 1956 494 2019 lodvico
517 1957 665 2019 deetiola
690 1957 729 2020 ad
759 1956 956 2034 Drahonum,
992 1955 1074 2017 hano
1108 1956 1138 2016 in
1164 1957 1236 2018 vico

78 2103 79 2109 κ
126 2065 265 2128 Beneuen
286 2084 383 2147 prope
398 2064 566 2146 llircdderp
587 2085 718 2147 quaeras
742 2072 773 2128 et
788 2065 958 2129 Hetzrodtii
983 2065 1023 2126 ab
1045 2064 1161 2127 Ukorto
1181 2082 1239 2127 ao-

127 2181 213 2256 oepta
233 2177 385 2240 sententia
406 2182 489 2238 stare
512 2181 627 2255 posset.
672 2175 813 2238 Aliorum
829 2175 993 2255 opiniones
1007 2173 1125 2236 rettulit
1136 2174 1238 2236 Freu-

32 2282 35 2287 ’
129 2285 316 2370 denbergius
339 2285 397 2348 l.c.
412 2304 442 2366 p.
456 2285 526 2347 186.
540 2303 619 2365 sqq,
639 2285 754 2347 omissa
784 2291 886 2347 lamen
905 2282 1154 2361 Reiolranliana,
1183 2301 1239 2346 se-

77 2471 78 2479 ,
130 2396 259 2459 eundum
291 2413 381 2476 quam
402 2395 597 2459 Bandobrica
623 2396 681 2458 isla
713 2396 744 2456 in
774 2413 812 2457 eo
836 2394 968 2475 oppido,
993 2394 1023 2453 in
1055 2412 1115 2473 qno
1138 2412 1238 2457 cunae
1267 2380 1270 2385 ’

78 2589 79 2594 ¹
128 2522 214 2570 meae
235 2511 404 2584 steterunt,
427 2506 446 2567 i.
459 2526 486 2569 o.
504 2504 685 2584 ὓΤνανὺαοὴ
705 2506 745 2568 od
765 2505 865 2567 rivum
889 2501 1093 2566 Kontendoctr
1115 2510 1146 2566 et
1165 2504 1236 2568 llo-

126 2616 251 2681 oellam“
273 2617 450 2697 quaerenda
475 2623 531 2703 est.
562 2622 594 2679 et
623 2616 737 2680 adiecit
759 2616 893 2697 scriptor
915 2616 1011 2694 ,Num
1035 2613 1237 2678 lr'eutenbocli

77 2710 79 2714 Α
126 2744 186 2791 vox
209 2733 354 2807 corrupta
378 2726 418 2789 sit
442 2727 529 2788 vocis
551 2724 758 2803 Boutobrico,
789 2726 936 2789 deliniant
962 2726 1010 2788 rei
1041 2726 1236 2806 peritiores«.

77 2868 79 2902 l
126 2837 292 2917 Utrumque
312 2836 406 2900 laoile
428 2836 557 2899 refutari
578 2842 693 2916 potest:
720 2836 927 2915 Trarbacum,
951 2836 1078 2899 saeculo
1104 2841 1182 2904 ῐιῖιι.
1196 2859 1237 2902 ex

76 2984 78 3031 ;
126 2946 269 3025 nummis,
295 2946 404 3027 quibus
424 2946 678 3027 archiepiscopus
697 2946 865 3009 Baldninns
882 2966 899 3008 a
916 2946 1075 3008 eomitissa
1092 2948 1235 3011 Lauretia

76 3082 77 3087 ¹
126 3054 359 3138 spanhemiensi
388 3062 497 3136 captus
527 3073 607 3118 anno
632 3055 722 3118 1328.
740 3073 776 3118 so
800 3055 977 3118 redemerat
1007 3056 1063 3132 (el.
1085 3056 1237 3121 Giintheri

126 3166 204 3231 coo.
225 3165 299 3247 dipl.
320 3165 590 3229 Rheno-naseu.
613 3165 664 3227 nr.
686 3184 715 3247 p.
736 3167 808 3229 mo.
829 3183 896 3246 sqq.
918 3183 1030 3228 numm.
1054 3169 1124 3229 ma.
1151 3169 1233 3247 156,
1318 3172 1323 3178 ·

75 3254 77 3326 s
128 3275 310 3358 Slrumberg
326 3275 395 3337 Dos
416 3274 580 3337 Moseltlrol
601 3294 659 3338 zw.
672 3276 738 3337 Zoll
752 3276 817 3336 und
829 3274 925 3338 Kena.
943 3275 1031 3338 nott.
1044 3277 1134 3340 1837.
1147 3278 1189 3340 8⁰.
1203 3297 1233 3359 p.

74 3384 75 3389 ’
126 3388 258 3468 lilsqq.
277 3388 297 3424 ⁴*
312 3391 343 3445 et
365 3383 509 3449 Simrook
531 3403 560 3466 p.
577 3384 688 3463 300.)‚
718 3384 810 3448 condi
832 3385 899 3448 sive
922 3405 939 3448 e
963 3384 1064 3447 viculo
1089 3385 1234 3467 oppidum

122 3496 192 3560 lieri
216 3501 362 3576 coeptum¹
388 3512 502 3557 nomen
526 3511 614 3557 suum
636 3514 653 3556 a
676 3494 887 3557 Travennensi
911 3495 996 3575 ¹rivo,
1024 3493 1233 3576 dnouement,

72 3584 74 3633 ³
123 3606 179 3670 ie.
193 3606 264 3688 ipso
282 3603 502 3682 Koutendoolt,
525 3605 564 3668 ab
586 3604 858 3683 excavationibus,
884 3624 963 3685 quae
983 3603 1099 3680 Konta,
1121 3603 1232 3685 naon,

71 3776 72 3803 ,
123 3714 201 3780 uota
223 3715 319 3800 vulgo
342 3715 496 3794 dicuntur,
522 3716 568 3779 sio
591 3721 704 3778 vocato
721 3717 856 3796 accepit:
876 3734 946 3779 nam
961 3716 1040 3779 ostia
1054 3715 1136 3779 idem
1152 3735 1235 3781 con-

225 3992 254 4063 1)
273 3991 330 4043 ll'on
351 4006 456 4059 possum
477 4007 593 4043 errorem
607 4008 622 4043 a
638 3992 825 4062 Strarnliergio,
846 3990 915 4060 quod
931 3992 1019 4055 miror,
1039 3993 1116 4060 pil.
1132 3992 1232 4045 admis.

65 4149 67 4152 Α
123 4106 182 4143 oum
201 4102 255 4139 non
275 4096 377 4140 notare.
407 4089 677 4156 „Laureto...liatte
703 4091 786 4141 itrem
807 4092 993 4159 Gesorrpenen,
1017 4090 1073 4140 dem
1094 4090 1231 4142 Eretisct.

126 4187 252 4253 uuluam,
273 4189 302 4239 in
320 4188 368 4240 der
387 4188 477 4240 Satine
496 4188 539 4239 dio
558 4188 708 4256 angelicum
723 4189 826 4241 Summe
845 4205 896 4239 oon
918 4188 1164 4254 dampnetur
1183 4188 1232 4238 ad.

64 4263 66 4266 .
119 4294 256 4356 petreum.
275 4287 354 4337 immo
369 4286 487 4354 „drienip
507 4286 598 4338 tusoad
617 4285 682 4337 Pnnt
701 4285 839 4338 rimmo.
857 4285 926 4339 Vide
950 4285 1076 4338 Giinther.
1087 4284 1151 4336 God.
1167 4283 1229 4351 dipl.

119 4384 140 4439 Ι.
149 4399 174 4436 o.
184 4398 212 4453 p.
223 4382 283 4437 266.
