2918 4914
95 228 1314 306 daz—xm&

359 405 427 453 cnr.
442 405 494 457 xc.
512 404 552 452 sn
578 404 646 453 rna.
660 382 760 454 118'.
771 393 815 468 hl.
829 385 952 455 mne.
967 406 1023 478 sq.
1149 379 1240 457 997*

140 620 248 669 senum
262 610 351 667 ...et
370 606 547 669 Ravennam
570 604 710 688 singulae
741 604 882 686 legiones
913 622 979 667 cum
1006 603 1156 667 classibus
1178 593 1258 665 sta-¹

139 714 225 792 bant,
249 733 289 778 ne
311 714 435 797 longius
457 734 474 777 a
498 715 590 777 tutela
611 714 697 777 urbis
715 713 920 778 abscederent
940 721 971 779 et
993 733 1060 777 oum
1082 713 1161 777 ratio
1182 730 1242 794 pe-

142 825 306 903 stulasset,
330 826 398 888 sine
427 842 532 904 mora,
557 825 624 887 sine
648 824 777 886 circuitu
801 824 839 887 ad
863 842 970 887 omnes
1001 824 1106 887 mundi
1139 828 1242 904 partes

143 936 270 1019 nauigio
296 936 508 1016 pervenirent:
533 955 602 999 nanr
624 935 814 999 blisenatium
837 935 945 998 classis
962 934 1108 1017 Gelliam,
1131 934 1243 1012 llispa·

141 1047 223 1124 nias,
245 1046 469 1125 Mauritaniam,
492 1046 648 1126 Africam,
672 1047 860 1128 Aegpptum,
884 1045 1055 1110 Sardiniam
1079 1050 1169 1125 atque
1191 1042 1243 1106 Si-

141 1157 244 1220 ciliam
267 1155 402 1219 habebat
430 1157 461 1218 in
483 1157 644 1238 proxim03
669 1155 777 1219 classis
805 1162 904 1219 autern
926 1155 1147 1229 Rauennatium
1168 1152 1244 1234 Epi-

142 1285 214 1347 ron,
237 1267 461 1346 Macedoniam,
484 1267 643 1344 Achaiam,
668 1267 894 1348 Propontidem,
918 1266 1055 1344 Pontum,
1075 1265 1243 1344 Orientem,

141 1378 275 1456 Cretam,
299 1377 431 1459 Cyprum
453 1384 557 1458 petere
581 1376 698 1441 directa
721 1377 919 1460 nauigatione
935 1381 1149 1455 consueverat,
1173 1374 1244 1455 quia

140 1487 174 1549 in
196 1486 289 1550 rebus
317 1484 439 1549 bellicis
461 1486 603 1550 celeritas
626 1487 755 1568 amplius
788 1486 868 1549 solet
895 1484 1045 1567 prodesse
1068 1503 1157 1566 quam
1179 1483 1246 1547 vir-

140 1602 198 1659 tus.
242 1595 385 1660 Liburnis
414 1603 513 1659 autem
546 1616 622 1678 quae
655 1598 685 1659 in
710 1598 875 1678 Campania
898 1598 1038 1675 stabant,
1070 1595 1245 1676 praefectus

141 1706 458 1771 classishlisenatium
481 1712 632 1788 praeerat,
656 1726 712 1770 eae
734 1726 810 1771 uero
835 1724 912 1788 quae
935 1708 1022 1770 lenio
1045 1707 1075 1768 in
1097 1706 1174 1769 mari
1195 1705 1247 1768 lo-

144 1821 230 1879 catae
256 1814 387 1893 luerunt,
412 1816 451 1878 ad
473 1816 661 1896 praesectum
680 1815 789 1878 classis
804 1817 1024 1901 Rauennatium
1042 1815 1245 1897 pertinebant,

139 1924 196 1988 sub
213 1924 322 2004 quibus
345 1931 432 1987 crant
455 1926 561 1988 decem
584 1931 657 2001 [noar
682 1925 765 2003 deiri,
786 1932 820 1984 ot
841 1924 1042 2005 eddbebeot]
1065 1926 1178 1989 tribuni
1191 1943 1246 2006 per

139 2033 286 2096 cohortes
313 2033 451 2116 singulas
477 2034 642 2096 constituti.
687 2033 829 2115 singulae
853 2042 952 2098 antem
974 2035 1114 2099 liburnae
1136 2035 1247 2118 singu-

137 2140 188 2205 los
211 2142 399 2222 nauarchos,
422 2142 480 2206 ie.
497 2142 584 2223 quasi
608 2142 816 2205 navicularios
840 2143 1007 2223 habebant,
1033 2145 1083 2225 qui
1108 2145 1245 2225 exceptis

142 2253 256 2315 ceteris
282 2259 442 2316 nautarum
465 2252 596 2328 officiis,
619 2253 879 2336 gubernatoribus
911 2261 1001 2334 atque
1023 2255 1191 2337 remigibus
1216 2261 1246 2317 ct

141 2362 289 2425 militibus
314 2362 499 2426 exercendis
523 2362 730 2443 quotidianam
755 2382 859 2425 euram
884 2365 1038 2449 elingem
1062 2365 1247 2428 exhibebant

142 2472 353 2535 industriam
378 2473 528 2551 celassis)
553 2472 1046 2554 1¹n(ael0rioe)anrournrnnstre)
1068 2482 1247 2556 unvaurst-

141 2583 196 2658 tis]
221 2600 269 2662 ap.
281 2582 365 2645 Grut.
383 2581 473 2659 1107,
485 2583 514 2645 3.
532 2581 626 2646 Orell.
641 2599 670 2642 n.
686 2581 779 2644 9671.
793 2589 823 2646 et
837 2601 884 2663 ap.
897 2583 977 2647 hunc
997 2604 1025 2647 n.
1037 2585 1184 2651 antean.
1198 2595 1244 2671 rap

140 2697 336 2757 rnronhnsa
357 2691 364 2776 Ι
383 2717 451 2754 arv.
465 2691 587 2774 legitur.
643 2691 770 2755 Pharum
792 2693 884 2756 etiam
915 2695 982 2757 sive
1011 2696 1135 2776 turrim,
1160 2697 1246 2759 cuius

139 2819 214 2864 usus
236 2806 408 2880 ,nocturno
439 2801 561 2863 navium
592 2820 683 2865 eursu
706 2803 795 2885 ignes
825 2805 991 2868 ostendere
1021 2806 1059 2869 ad
1091 2824 1248 2887 praenun-

140 2910 245 2974 tianda
275 2910 356 2973 vada
380 2916 548 2992 portusque
576 2912 750 2975 introitum“
774 2913 849 2991 luit,
879 2916 1025 2978 llavenna
1052 2915 1159 2979 habuit
1182 2935 1245 2980 sec.

139 3018 265 3082 Plinll.
284 3020 320 3083 N.
337 3019 627 3084 xxxvr.1a.seen
646 3023 694 3085 18.
729 3023 856 3085 Constat
887 3030 987 3088 autem
1018 3043 1086 3089 eam
1114 3025 1247 3093 civitatis

139 3135 268 3211 partem,
292 3130 324 3190 in
342 3147 400 3210 qua
412 3137 518 3210 portus
533 3131 597 3208 tuit,
622 3131 736 3195 Classis
750 3152 775 3194 s.
790 3133 938 3196 Classium
952 3134 1133 3198 vocabulum
1151 3136 1247 3216 ipsam

141 3238 316 3319 accepisse:
341 3240 469 3318 Procop.
487 3239 518 3300 B.
536 3240 638 3302 Gotth.
654 3242 689 3304 ll.
707 3241 757 3304 eo.
771 3291 799 3324 „.
812 3290 819 3305 .
831 3243 861 3315 ἐς
887 3243 1036 3317 Κλάσσες
1058 3241 1113 3306 τὸν
1134 3249 1247 3324 λιμένα

103 3384 107 3397 =
139 3349 282 3422 ἑςπλεῖν·
304 3341 390 3409 οὕτω
412 3344 472 3428 ydp
492 3346 647 3428 Ῥωμαῖοι
673 3345 706 3411 nd
728 3346 898 3433 Ῥαβέννης
926 3351 1114 3433 προάστειον
1134 3355 1249 3417 καλαῦ-

139 3481 203 3537 err,
224 3448 264 3519 οὗ
289 3451 305 3517 d
329 3456 424 3539 λιμήν
445 3459 568 3536 ἐστιν“;
589 3458 702 3541 Agelli.
717 3460 786 3522 hist.
801 3462 821 3522 l.
837 3462 886 3524 20.
903 3509 928 3541 „.
942 3508 948 3524 .
962 3465 1191 3544 παραγίγνεται
1214 3467 1246 3538 ἐς

142 3564 502 3648 Κλάσσεις...ἲδρνται
525 3568 558 3631 δὲ
582 3564 616 3629 ro'
642 3567 800 3651 φρούριον
821 3572 854 3631 ἐν
876 3575 915 3656 τῇ
932 3570 1100 3654 Ῥαβέννης
1123 3594 1246 3655 neptae.

139 3675 234 3738 artae
279 3676 408 3739 hlaxime
437 3679 645 3742 memorabilis
668 3685 716 3740 est
747 3679 908 3743 lornandis
932 3681 971 3744 de
994 3682 1059 3744 reb.
1076 3683 1142 3747 Get.
1157 3684 1244 3748 coe.

140 3785 308 3867 descriptio
339 3786 419 3849 haec
442 3788 625 3859 (edhlurat.
637 3807 666 3869 p.
680 3790 752 3852 205.
767 3807 813 3870 sq.
820 3803 852 3864 J:
876 3791 932 3870 „ad
957 3797 1081 3872 pontem
1103 3794 1247 3875 applicuit

139 3895 327 3960 Condiniani
349 3896 538 3978 [Candiani],
562 3899 612 3979 qui
636 3899 724 3961 tertio
752 3900 884 3962 miliario
909 3901 946 3963 ab
973 3902 1049 3965 urbe
1069 3909 1136 3966 erat
1157 3905 1246 3987 regia

139 4007 328 4069 Rauennate.
356 4023 435 4085 quae
459 4007 532 4069 urbs
556 4008 636 4070 inter
657 4009 783 4088 paludes
808 4010 861 4084 [ct.
877 4010 986 4072 Strabo
999 4011 1035 4072 V.
1049 4029 1077 4091 p.
1092 4013 1177 4094 913,
1195 4013 1243 4077 ed.

139 4115 250 4179 Almel.
272 4114 403 4196 pean]
425 4121 453 4177 et
482 4116 610 4199 pelagus
638 4118 778 4198 interque
806 4117 878 4180 Padi
900 4117 1012 4180 lluenta
1042 4122 1095 4182 uni
1127 4129 1244 4186 tantum

137 4231 222 4307 patet
242 4226 423 4287 accessui..
439 4272 445 4287 .
470 4227 553 4289 llaec
575 4228 604 4288 in
629 4229 698 4291 sinn
716 4228 805 4310 regni
820 4230 906 4293 Rom.
919 4247 1012 4311 super
1028 4250 1112 4294 mare
1126 4233 1243 4296 lonium

138 4336 303 4400 constituta
334 4336 363 4397 in
389 4335 510 4399 modurn
536 4338 721 4402 inttncnlium
749 4339 781 4417 [l.
795 4338 928 4420 insulae]
955 4359 1101 4422 aquarum
1127 4341 1243 4404 redun-

95 4526 1313 4603 mmm—unam
