2918 4914
111 217 149 261 *⁴

362 375 590 424 cunnum.
618 355 1089 454 norro.113“.lrl.6·..8·sq.
1177 355 1269 431 865*

166 595 288 656 nomes,
311 575 426 639 tbolis
451 592 518 638 was
547 575 596 638 ibe
616 572 734 638 Arbeia
756 577 794 655 os
817 576 865 638 llic
886 576 1043 664 nomae.
1058 598 1094 653 .,·
1128 579 1180 641 bot
1209 581 1270 642 lbis

167 687 290 766 opinion
308 687 337 748 is
358 686 573 749 controverted
591 685 784 768 byHorsley,
801 687 869 751 ono
893 687 1039 751 observes
1063 689 1127 762 ibet
1145 709 1186 752 no
1202 689 1270 754 Ro-

165 815 235 860 enon
257 796 431 876 untiquilies
458 795 538 858 boec
566 796 641 860 been
664 797 845 859 discovered
864 797 965 861 bere“.
999 817 1087 880 quum
1115 801 1269 865 rationem

167 925 229 970 non
251 909 325 971 satis
339 914 440 988 uptam
463 925 534 972 esse
556 905 594 969 ed
617 907 808 988 probandam
830 909 1038 990 negationem,
1060 899 1113 972 uix
1127 910 1269 990 estquod

1281 220 1338 268 Ι*

1323 273 1344 342 l

171 1019 299 1099 exprimi
313 1025 462 1098 oporteat.
479 1018 525 1081 (ll.
540 1017 630 1081 eliam
643 1015 826 1080 Volkmann.
839 1016 889 1080 lV.
901 1036 930 1099 p.
941 1017 1013 1081 401.
1024 1036 1071 1100 sq.
1093 1018 1268 1084 llorsleium
1378 1093 1387 1107 ,

169 1131 199 1193 in
221 1126 365 1208 lloresby
387 1127 531 1192 Arbeiam
553 1128 745 1210 quaesivisse
767 1128 928 1208 superiore
949 1134 1053 1191 annot.
1065 1129 1194 1193 relatum
1211 1136 1267 1198 est.

252 1275 286 1287 -
311 1239 357 1314 ll.
374 1239 403 1302 8.
416 1246 479 1318 ‘qu
505 1238 550 1301 De
573 1237 694 1302 Nerviis
719 1236 790 1299 vide
812 1243 916 1300 annot.
929 1256 958 1319 p.
975 1238 1061 1301 298&
1076 1239 1115 1302 ad
1132 1240 1160 1315 b.
1180 1240 1228 1303 18.
1238 1245 1269 1303 et

167 1348 245 1429 cup.
262 1348 402 1423 nunu.
420 1349 446 1409 1.
462 1346 490 1409 o.
505 1386 544 1398 ..
561 1339 878 1409 orcrmrtumeuuu.
903 1347 1081 1411 Panormus
1092 1348 1190 1430 „uicti
1202 1345 1269 1412 sta-
1361 1327 1366 1335 '

165 1458 227 1521 tiva
249 1455 382 1521 habebut
406 1457 619 1537 [praefectust
647 1458 728 1520 unde
751 1455 914 1522 Didienses
943 1459 1044 1520 vuenti
1069 1458 1185 1533 [Nervii
1208 1459 1268 1521 nri-

165 1568 276 1649 lites]“.
292 1606 331 1617 -
352 1567 406 1631 dci
427 1565 462 1630 6.
484 1569 552 1633 Non
574 1557 696 1631 Dictum
711 1586 811 1649 neque
821 1568 932 1648 Duris,
954 1568 1011 1631 sed
1025 1567 1159 1631 Diclium
1178 1568 1268 1632 huius

164 1678 226 1741 loci
260 1696 372 1741 nornen
405 1679 475 1756 suit;
506 1680 538 1741 in
561 1679 675 1743 Notitiu
697 1678 780 1741 Didi
802 1677 973 1755 estliberi,
1003 1685 1036 1740 ut
1055 1677 1168 1757 Sirmi,
1200 1678 1268 1742 Aeli

165 1788 285 1870 aliaque
310 1789 509 1868 huiusmodi,
539 1788 621 1870 quud
651 1789 798 1871 probatur
818 1789 970 1852 vocabulo
995 1787 1091 1851 Dieio
1113 1790 1194 1870 quod
1217 1808 1266 1871 up.

165 1898 279 1980 Geogr.
293 1898 367 1962 Rev.
378 1899 414 1961 ll.
430 1899 482 1962 31.
498 1898 576 1962 inter
597 1897 769 1960 beooor'cio
792 1897 984 1979 [Delgovicia
997 1914 1023 1961 s.
1038 1896 1211 1979 Detpooitio
1232 1899 1267 1961 ll.

164 2007 234 2070 Ant.
248 2026 277 2088 p.
289 2006 361 2070 466.
383 2038 415 2063 =
438 1997 575 2088 Wipblon
600 2026 625 2071 s.
647 2008 799 2089 Weipbton
826 2009 857 2069 in
879 2008 983 2071 comit.
1002 2006 1145 2087 Eburno,
1168 2006 1267 2068 Eust-

166 2116 286 2198 llldinp‚
302 2135 367 2182 sec.
383 2117 540 2196 eumden,
565 2117 691 2181 Guleurn
713 2137 750 2181 ac
771 2118 858 2198 Lep]
871 2123 902 2180 et
910 2116 1097 2196 Lugunduno,
1111 2116 1267 2197 Coponpes

165 2228 217 2304 [ol.
230 2246 296 2309 seq.
307 2230 348 2309 p]
357 2227 458 2291 hebel.
482 2228 587 2310 ltaque
599 2227 729 2311 legerim
741 2226 951 2304 Dictierrsr'om,
964 2211 995 2290 e't
1005 2226 1106 2305 ualde,
1121 2243 1162 2287 ne
1175 2225 1268 2289 Cum-

165 2316 1266 2418 denusdeDictioperperamopinetussit‚vereor,cumimprimisetiurn
1297 2417 1300 2427 ὁ

163 2446 252 2509 huius
266 2447 361 2528 ipsius
372 2446 507 2511 Notitiae
521 2444 800 2536 seriesystutionum
815 2445 1077 2510 recensendumrn
1095 2462 1266 2527 argumen-

164 2561 226 2619 tum
243 2576 260 2620 e
281 2575 390 2641 geogr.
404 2557 616 2638 Renpetitum
640 2555 828 2637 comprobet.
853 2554 905 2618 ille
927 2573 955 2636 p.
971 2555 1043 2619 388.
1056 2554 1135 2618 haec
1156 2555 1266 2619 habet:

163 2664 228 2745 „Ex
247 2665 337 2729 buius
360 2667 433 2743 [ie.
447 2664 532 2729 Aber
553 2664 695 2746 Currere,
721 2665 780 2728 ise.
795 2664 937 2745 Conovii,
962 2682 1045 2728 nuno
1066 2663 1212 2746 Conway,
1236 2666 1265 2728 ss.

164 2776 254 2855 ostii,
280 2775 319 2839 de
348 2794 408 2857 quo
433 2777 495 2840 uid.
509 2776 629 2840 Hussel.
645 2773 772 2858 putu]
785 2777 926 2857 opposito
951 2775 995 2839 cis
1017 2776 1129 2840 llumen
1151 2777 1268 2859 prorni-

163 2893 216 2950 net
238 2887 414 2951 inllectentc
441 2887 555 2966 cubito,
580 2887 668 2968 quusi
686 2887 849 2950 stationem
866 2886 1026 2951 moliretur
1048 2893 1168 2967 nutura,
1191 2904 1274 2968 proq

165 2997 391 3076 nronloriolurn,
412 2998 499 3078 quod
510 2997 600 3062 huius
622 2998 713 3066 etiem
728 2997 797 3082 egri
812 3003 967 3076 censetur,
990 2997 1125 3079 Goportb
1141 2997 1266 3060 dictum.

164 3107 198 3170 ln
221 3124 301 3189 quo,
326 3108 465 3170 Conovio
499 3126 583 3171 nuere
609 3107 751 3171 subeunti
775 3106 931 3188 'Dbonwy
962 3107 1085 3188 entique
1111 3105 1185 3168 urbs
1208 3106 1268 3168 im-

164 3217 334 3298 pendebat,
361 3235 439 3297 quae
469 3217 560 3279 multu
588 3223 658 3280 unte
682 3217 787 3280 secula
813 3217 876 3280 ictu
907 3216 1041 3280 fulminis
1074 3217 1266 3300 deflagravit.

164 3325 286 3388 Dr'ctum
313 3331 413 3388 uulern
436 3325 543 3389 urbem
574 3343 644 3389 esse
670 3325 842 3405 credimus,
867 3325 919 3388 ubi
943 3326 999 3388 snb
1030 3325 1266 3407 imperatoribus
1391 3316 1395 3327 ’

163 3435 358 3515 Praepositus
371 3434 496 3498 Numeri
509 3434 692 3497 Nerviorum
712 3434 903 3498 Diclensiunu
921 3434 1067 3498 excubias
1080 3428 1160 3519 egit(
1178 3434 1267 3510 Quod

165 3551 264 3608 eutem
293 3544 461 3626 Dipontoey
493 3550 601 3626 postea
632 3544 813 3626 appellatum
849 3545 959 3623 suerit,
987 3545 1053 3625 quis
1084 3561 1149 3607 non
1182 3543 1268 3609 videt

165 3655 301 3734 Gonroey
322 3675 361 3718 ex
380 3654 512 3734 Conwey
532 3655 727 3735 profluxisse,
751 3661 782 3717 et
803 3654 877 3718 inde
888 3654 1053 3740 Anglicunu
1075 3671 1190 3740 nonen
1204 3654 1267 3717 Gu.

164 3784 238 3827 noo:
261 3766 307 3828 sic
330 3767 409 3828 enirn
425 3767 696 3828 nominatum'erut
719 3764 887 3844 castellum,
913 3765 993 3846 quod
1014 3769 1121 3846 postea
1145 3781 1182 3827 eo
1205 3762 1268 3828 loci

166 3875 337 3938 construxit
366 3875 518 3938 llenrieus
549 3875 618 3938 lll.“
650 3875 690 3938 cl.
711 3874 998 3939 cumben-Gibson.
1016 3893 1045 3956 p.
1059 3874 1130 3937 666.
1144 3875 1216 3939 679.
1238 3880 1268 3938 et

165 3987 293 4049 Gorlon.
307 4006 335 4047 v.
346 3961 581 4066 Egloge-,lilios
596 3990 706 4067 couniy
720 3984 914 4070 Curnuroorr.
926 3985 1024 4065 „llere
1042 4003 1098 4047 oro
1119 3984 1168 4046 tbe
1179 3985 1267 4046 ruins
1343 4000 1348 4015 ··

167 4098 206 4178 os
223 4095 334 4197 costles
357 4094 473 4156 Fcrdre
497 4096 560 4157 ond
582 4095 620 4175 of
638 4095 816 4176 Diponwy‘t
840 4095 896 4159 sed
918 4095 1055 4159 Romane
1078 4113 1115 4157 ee
1141 4094 1266 4158 castelle

167 4225 237 4269 osse
253 4223 314 4268 non
330 4206 455 4285 indicat,
467 4225 527 4269 nec
542 4205 701 4287 probabile
715 4204 846 4269 videtur.
875 4205 1077 4269 Consentiunt
1092 4224 1159 4269 curn
1175 4206 1268 4268 Curn-

165 4315 246 4378 deno
258 4314 347 4378 Brun.
361 4316 388 4379 lu
410 4316 530 4380 blurtin.
545 4321 574 4377 et
595 4314 752 4380 bischollri
772 4315 954 4399 blbllerique
975 4316 1085 4381 lexion.
1119 4315 1174 4380 sed
1199 4332 1267 4378 curn
1395 4402 1398 4409 A
