2918 4914
129 209 1349 327 ἷξε-ἐπε.

204 355 1303 432 1154*annnonor.oca.cur.xm...xma.narnovmcuaararoma.

202 578 318 640 crimen
342 575 446 638 laesae
465 575 632 639 maiestatis
645 575 827 639 incurreret.
852 573 1091 651 [Modestius.
1105 573 1304 640 1).h.t.t.18.

203 687 303 770 „Plebi
326 687 405 750 scito
431 686 606 749 continetur
638 710 677 749 vr
707 709 745 749 ne
769 708 839 761 qvis
871 708 1041 748 raansrnvur
1071 709 1172 748 mvnvs
1194 709 1304 749 uosvis

202 821 346 876 CAPERET,
362 821 421 859 ursi
442 820 640 859 ESCVLENTVM
653 819 908 874 POCVLEETVMVE,
925 818 1008 873 QVOD
1028 818 1121 859 tttTuu
1138 819 1208 859 brus
1230 819 1306 859 ΡΜ-

201 931 294 971 xmos
315 913 557 988 incursarent]
601 906 684 969 Idem
712 905 818 969 statuit
840 905 991 969 neminem
1021 912 1091 971 ante
1113 906 1306 969 tricesimum

202 1036 312 1082 annum
334 1017 509 1081 Praetorem
534 1017 634 1078 creari
656 1022 687 1078 et
708 1016 760 1096 qui
781 1033 842 1078 non
864 1016 948 1097 prius
962 1015 1082 1079 Aedilis
1104 1022 1137 1078 et
1149 1016 1306 1091 Quaestor

201 1128 252 1191 vel
274 1128 425 1190 Tribunus
456 1126 554 1207 plebis
582 1126 692 1189 luisset
715 1126 821 1202 (Dion.
837 1126 922 1189 Cass.
937 1125 1011 1189 Llll.
1029 1125 1208 1207 [Lll.90.]).
1244 1127 1306 1191 Sed

200 1238 278 1301 baec
302 1244 333 1298 et
355 1237 414 1300 alia
437 1235 529 1299 multa
559 1241 666 1315 postea
689 1236 861 1316 principum
884 1235 1011 1299 arbitrio
1034 1241 1105 1298 sunt
1125 1236 1305 1299 immutata:

201 1366 270 1410 nam
294 1347 351 1409 etsi
375 1362 493 1408 annuus
515 1344 659 1408 Romanis
683 1345 880 1428 magistratus
902 1350 984 1408 esset
1006 1345 1171 1423 institutus,
1194 1363 1307 1408 mane-

200 1456 253 1519 bat
276 1462 377 1518 tamen
401 1457 431 1517 in
460 1455 629 1536 provinciis
652 1455 796 1536 quamdiu
820 1454 951 1536 principi
978 1454 1138 1535 placebat;
1161 1454 1306 1518 'liberius

201 1582 256 1629 eos
281 1565 333 1627 diu
354 1565 506 1646 imperare
529 1564 677 1645 permisit,
699 1571 732 1626 ut
754 1565 797 1627 uit
816 1564 1008 1645 Tranquillus
1031 1564 1108 1642 [Tib.
1122 1560 1209 1644 41.];
1237 1566 1308 1628 An-

201 1675 325 1739 toninus
346 1675 415 1738 Pius
448 1675 583 1756 septenis
614 1681 644 1738 et
672 1675 803 1738 novenis
833 1675 920 1738 annis
949 1675 1050 1738 bonos
1080 1674 1245 1756 praesides
1276 1675 1307 1737 ia

200 1784 369 1868 provinciis
393 1784 532 1862 detinuit,
553 1790 585 1846 ut
603 1791 710 1848 auctor
733 1791 781 1847 est
793 1783 982 1866 Capitolinus
996 1785 1040 1863 [in
1053 1785 1123 1847 Ant.
1132 1785 1161 1847 P.
1170 1785 1201 1848 8.
1212 1803 1307 1865 „suc-

202 1912 359 1958 cessorem
383 1895 498 1956 viventi
521 1894 604 1956 bono
624 1893 719 1955 iudici
741 1893 816 1956 nulli
839 1894 966 1976 dedit“].
996 1896 1122 1958 Romam
1146 1895 1307 1958 reversuri

201 2025 241 2069 ex
263 2004 425 2086 provincia
449 2005 534 2084 prius
559 2004 597 2067 ad
622 2008 760 2066 senatum
783 2002 970 2066 scribebant.
1000 2003 1110 2066 Cicero
1134 2004 1182 2081 (in
1206 2004 1241 2068 L.
1256 2004 1308 2066 li-

201 2126 287 2189 son.)
300 2109 464 2176 ‘occultus’
481 2113 577 2194 inquit
590 2109 764 2192 ‘adventus
788 2111 890 2176 nullae
912 2111 951 2175 ad
975 2118 1114 2176 senatum
1136 2131 1153 2177 e
1176 2114 1308 2193 provin-

202 2226 249 2288 cia
272 2221 410 2286 litterae.
443 2223 592 2304 Regressi
615 2240 683 2285 cum
707 2222 747 2285 ad
768 2229 886 2304 portam
919 2222 1004 2285 urbis
1025 2223 1202 2302 venissent,
1227 2223 1308 2287 insi-

200 2335 271 2420 gnia
299 2337 495 2416 magistratus
523 2333 719 2415 deponebant
742 2334 791 2407 (L.
804 2331 857 2395 ult.
872 2333 908 2394 D.
923 2332 962 2395 de
977 2331 1028 2394 ou.
1044 2349 1188 2412 procons.
1208 2334 1246 2418 [l.
1259 2333 1307 2397 ld.

201 2444 350 2529 „deponit
371 2443 572 2524 imperium“].
598 2443 679 2524 quod
696 2443 806 2506 Cicero
821 2443 963 2505 Pisonem
984 2461 1023 2505 ex
1033 2442 1217 2505 Macedonia
1229 2443 1307 2507 l‘ro-

202 2553 359 2618 consulem
380 2553 561 2617 redeuntem
587 2553 700 2617 iecisse
723 2553 812 2617 dicit:
838 2551 964 2636 togulae
988 2552 1068 2616 anim
1093 2553 1158 2616 eius
1180 2551 1306 2617 lictori-

198 2666 256 2727 bus
280 2668 402 2743 praesto
428 2662 468 2724 ad
489 2669 609 2742 portam
631 2663 734 2742 fuere,
761 2663 869 2744 quibus
891 2661 935 2724 illi
956 2663 1091 2742 acceptis
1117 2680 1193 2745 saga
1219 2663 1307 2728 reie-

201 2777 308 2836 cerunt
328 2771 513 2851 militarique
542 2777 630 2834 veste
657 2772 778 2835 abiecta
809 2772 938 2837 civicam
963 2772 1136 2834 induerunt.
1188 2772 1252 2837 Sed
1274 2773 1306 2836 id

198 2879 404 2944 Proconsutes
433 2884 546 2942 tantum
577 2880 692 2944 iecisse
723 2881 838 2944 credo:
870 2881 1030 2963 praesides
1052 2899 1127 2944 vero
1157 2900 1306 2964 egressos

198 2991 358 3074 provincia
389 2990 523 3072 insignia
554 2990 655 3054 statim
687 2990 869 3072 deposuisse
896 2991 941 3069 [L.
952 2991 981 3056 3.
994 2992 1030 3054 D.
1040 2991 1080 3055 de
1098 2991 1149 3054 off.
1161 3010 1265 3072 praes.
1283 2994 1306 3056 l.

134 3082 136 3094 ¹
202 3101 249 3165 18.
258 3100 307 3184 „si
330 3100 512 3179 excesserit,
533 3100 670 3181 privatus
695 3106 820 3163 est“.-
835 3101 1033 3164 Memoranda
1060 3106 1106 3165 est
1128 3100 1307 3165 b.l.Zeno-

198 3211 246 3275 nis
270 3209 447 3273 constitutio
469 3210 658 3273 antitlust.
673 3210 748 3272 Cod.
764 3210 802 3273 Ut
826 3227 933 3273 omnes
962 3210 1082 3273 iudices
1109 3216 1170 3273 tam
1193 3211 1304 3275 civiles

199 3339 289 3402 quam
312 3320 460 3383 militares
483 3326 552 3399 post
573 3319 867 3383 administrationem
891 3320 1061 3400 depositam
1082 3320 1305 3403 quinquaginta

201 3431 268 3493 dies
290 3431 321 3491 in
344 3428 517 3492 civitatibus
539 3426 589 3490 vel
613 3429 707 3491 certis
722 3428 801 3491 locis
823 3436 1022 3510 permancant
1037 3429 1181 3509 1.49.„ua
1201 3437 1306 3511 pateat

199 3540 340 3603 omnibus
368 3538 496 3602 facultas
519 3538 615 3601 libera
639 3557 731 3620 super
754 3538 842 3602 furtis
864 3545 915 3602 aut
940 3541 1118 3603 criminibus
1143 3542 1306 3621 querimo-

198 3652 280 3713 niam
297 3649 523 3728 commovendi,
547 3649 587 3712 ita
609 3656 640 3713 ut
657 3650 695 3712 ab
718 3651 800 3712 omni
824 3650 972 3713 defensus
995 3651 1104 3713 iniuria
1121 3651 1305 3731 provisione

197 3764 269 3840 post
292 3777 360 3821 cum
383 3758 623 3823 administrantis
646 3778 683 3822 ac
703 3758 840 3840 periculo
856 3758 969 3838 Officii,
994 3778 1052 3822 nec
1072 3760 1173 3823 minus
1197 3762 1305 3824 curia·

198 3868 271 3931 lium
292 3875 322 3931 et
344 3868 519 3931 defensoris
545 3869 696 3946 civitatis,
724 3869 892 3934 iuratoriae
912 3876 1028 3936 tantum
1055 3870 1191 3933 cautioni
1213 3889 1305 3935 com-

198 3978 328 4054 missus,
354 3984 512 4059 postquam
539 3978 631 4040 iuuerit
651 3979 682 4039 in
714 3979 937 4059 querimoniam
964 3979 1152 4057 devocatus,
1177 3981 1303 4060 pulsare

198 4086 371 4150 volentibus
401 4105 457 4169 pro
487 4088 588 4169 legum
618 4088 738 4151 ratione
767 4089 964 4170 respondeat.
1014 4090 1079 4153 Nec
1108 4089 1199 4152 ullam
1231 4097 1303 4155 ante

198 4197 388 4278 praefinitum
413 4204 531 4278 tempus
554 4196 592 4258 de
620 4198 779 4278 provincia
809 4199 990 4262 discedendi
1017 4201 1251 4265 excusationem
1273 4202 1303 4265 ei

201 4307 309 4370 tribuat
333 4307 382 4369 vel
407 4307 529 4369 divinae
554 4308 640 4369 vocis
664 4308 752 4390 copia
782 4308 829 4371 vel
855 4308 988 4393 codicilli
1011 4309 1137 4372 alterius
1167 4310 1302 4374 admini-

121 4440 1349 4563 amm.
