2918 4914
211 366 1304 447 998*tnnormunor.occeanumrmarosrrvmususurramus.
1354 431 1356 461 ,

210 590 334 654 datione
357 590 570 655 concluditur:
593 590 686 664 habet
712 589 751 652 ab
779 590 899 654 oriente
923 608 1007 654 errare
1021 638 1028 652 .
1042 592 1116 655 ..ab
1149 592 1306 657 occidente
1355 568 1356 619 ἐ

207 718 283 763 vero
308 701 408 764 'babet
429 702 576 783 paludes,
599 719 654 781 per
679 717 755 781 quas
780 718 842 763 uno
872 702 1091 783 angustissimo
1122 701 1249 766 introitu
1279 709 1307 766 ut

205 817 294 893 porta
316 811 424 876 relicta
444 818 508 891 est;
531 830 549 874 a
570 810 803 892 septentrionali
828 828 949 891 quoque
970 811 1062 895 plaga
1083 830 1188 875 ramus
1213 813 1257 874 illi
1272 830 1306 876 ex
1353 800 1354 861 ἐ

206 921 287 985 Pado
313 929 376 1002 est,
400 924 451 1005 qui
473 924 569 987 Fossa
597 928 726 984 vocatur
747 921 900 984 Asconis:
935 922 1104 986 ameridie
1128 922 1210 986 idem
1245 924 1306 1005 ipso

205 1031 314 1114 Padus,
338 1051 427 1115 quem
450 1032 549 1098 solum
571 1033 730 1095 ltuviorum
752 1050 858 1114 regem
879 1031 994 1111 dicunt,
1009 1038 1218 1116 cognomento
1236 1034 1304 1096 Eri·
1352 1070 1353 1073 =

206 1143 315 1223 danus,
337 1144 375 1206 ab
397 1144 539 1229 Augusto
564 1143 710 1206 altissima
737 1143 822 1206 fossa
846 1141 1009 1219 demissus,
1035 1141 1086 1222 qui
1109 1143 1238 1223 septima
1262 1143 1305 1206 sui

204 1253 285 1318 alvei
305 1260 391 1336 parte
407 1254 546 1317 *mediam
569 1253 666 1316 inlluit
689 1252 853 1330 civitatem,
878 1250 917 1314 ad
940 1250 1020 1314 ostia
1042 1268 1098 1314 sua
1121 1252 1306 1316 amoenissi-
1350 1339 1351 1342 Ἴ

205 1380 285 1427 mum
308 1370 427 1445 portum
444 1364 609 1444 praebens,
625 1363 756 1426 classem
769 1361 870 1425 CCXL
887 1359 942 1439 (al.
956 1360 1045 1440 CCL)
1060 1359 1197 1442 navium,
1211 1363 1306 1426 Dione
1349 1347 1351 1407 5

202 1473 373 1552 referente,
396 1474 547 1536 tutissima
575 1473 687 1536 dudum
710 1472 894 1535 credebatur
916 1472 1058 1553 recipere
1079 1473 1234 1553 statione,
1259 1472 1305 1554 qui

203 1599 295 1661 nune,
319 1589 351 1646 ut
372 1582 482 1647 Fabius
506 1583 557 1661 ait,
580 1582 662 1663 quod
685 1581 851 1663 aliquando
873 1588 980 1662 portus
1001 1581 1121 1660 luerat,
1146 1582 1307 1662 spatiosis-

203 1691 297 1756 simos
320 1693 427 1756 hortos
449 1690 594 1771 ostendit,
619 1690 782 1755 arboribus
799 1690 918 1771 plenos,
941 1709 1048 1753 verum
1064 1689 1104 1755 de
1120 1692 1231 1774 quibus
1247 1708 1305 1755 non

200 1800 353 1885 pendeant
374 1801 454 1881 vela,
479 1801 534 1865 sed
551 1819 651 1882 poma.
684 1801 778 1863 Trino
793 1798 956 1881 siquidem
970 1801 1043 1864 urbs
1065 1802 1132 1883 ipsa
1154 1802 1304 1866 vocabulo

200 1912 361 1999 gloriatur,
385 1912 610 1995 trigeminaque
630 1911 785 1992 positione
808 1910 932 1990 exultat,
956 1912 1015 1975 i.e.
1030 1913 1127 1993 prima
1148 1914 1303 1992 Ravenna,
1354 1890 1357 1903 ¹

199 2023 304 2088 ultima
327 2023 460 2103 Classis,
485 2022 586 2086 media
610 2022 764 2084 Caesarea
790 2021 871 2083 inter
896 2021 1005 2084 urbem
1027 2029 1057 2085 et
1080 2022 1185 2102 mare,
1216 2022 1304 2104 plena
1353 2031 1354 2060 ³

200 2134 334 2198 mollicie
357 2152 514 2215 arenaque
542 2133 673 2210 munita,
700 2130 925 2195 vectationibus
946 2138 1045 2213 apta“.
1089 2132 1304 2215 Geograpbum

199 2244 274 2310 Rau.
292 2245 405 2309 totiens
429 2243 642 2321 adhibuimus,
665 2247 698 2310 ut
726 2258 765 2303 ex
792 2258 830 2304 eo
862 2240 910 2303 tv.
926 2240 976 2305 31.
998 2242 1080 2305 bunc
1109 2243 1211 2306 locum
1243 2260 1303 2306 non

200 2356 340 2418 omittere
355 2355 539 2418 debeamus:
555 2355 718 2435 ,Ravenna
736 2349 939 2429 nobilissima,
964 2352 996 2414 in
1011 2369 1081 2433 qua,
1105 2353 1179 2416 licet
1197 2352 1303 2433 idiota,
1356 2426 1359 2437 ‚

201 2482 262 2550 ego
291 2465 380 2528 huius
403 2464 660 2549 cosmographiae
683 2460 858 2545 expositor,
881 2460 1003 2524 Christo
1027 2461 1190 2526 adiurante
1213 2464 1304 2545 geni-

198 2581 247 2638 tus
268 2590 345 2639 sum.
377 2575 449 2637 item
473 2575 628 2637 civitatem
656 2572 859 2649 Caesaream,
884 2570 1017 2651 Classis,
1039 2572 1241 2636 Ariminum“.
1263 2610 1304 2625 -

199 2702 268 2748 cans
288 2684 372 2746 caria
398 2684 463 2746 aas
489 2684 526 2746 de
556 2682 679 2745 civitate
697 2696 774 2743 mas.
792 2676 878 2772 orcis.
910 2688 1036 2764 apparet
1058 2682 1130 2746 olim
1159 2685 1303 2765 scriptum

198 2795 294 2860 luisse
318 2804 356 2857 cu
380 2794 464 2855 curm
485 2792 743 2859 eiusdecicitud.
786 2795 831 2859 De
853 2795 902 2858 his
918 2794 1006 2857 Curis
1018 2794 1197 2857 Panelrolus
1212 2796 1303 2859 intel·

199 2906 351 2991 legendos
372 2922 443 2968 esse
464 2905 682 2987 ,veredarios,
708 2904 816 2987 quibus
838 2904 876 2968 ad
901 2904 1033 2968 classem
1055 2906 1234 2968 necessaria
1266 2924 1302 2969 ex

197 3016 323 3080 civitate
343 3017 510 3079 Ravennae
533 3015 677 3079 celeriter
698 3014 967 3093 extratrebanturt‘,
991 3015 1166 3076 annotavit:
1196 3032 1301 3094 ,curas

197 3127 279 3192 enim
304 3144 426 3189 cursum
447 3126 600 3208 publicum
621 3133 713 3190 vocat
735 3126 954 3189 Constantinus
980 3125 1203 3205 [Constantius]
1224 3126 1256 3186 iu
1270 3125 1300 3188 L.

201 3239 228 3301 1.
242 3236 275 3300 C.
290 3237 329 3300 de
344 3235 395 3298 off.
408 3237 488 3320 Mag.
502 3235 585 3299 ollic.
597 3236 619 3297 l.
634 3236 684 3300 31.
730 3235 814 3298 ldem
837 3236 875 3298 A.
891 3235 1101 3313 [Constantius
1114 3232 1152 3295 A.
1166 3239 1197 3296 et-
1210 3233 1302 3297 lulia-

198 3364 256 3411 nus
270 3347 318 3428 C.]
331 3347 362 3409 in
375 3346 407 3409 L.
420 3347 449 3408 Q,
464 3345 496 3409 C.
508 3345 547 3408 de
563 3346 676 3409 curios.
688 3346 752 3409 ΧΗ.
764 3339 981 3428 &fulgentes
997 3344 1039 3406 ait
1049 3349 1114 3406 etr.
1159 3343 1216 3405 llic
1241 3343 1302 3425 igi·

198 3464 247 3521 tur
270 3474 364 3520 curae
387 3473 444 3536 pro
472 3474 564 3519 cursu
586 3455 709 3536 publico
742 3455 945 3536 accipiuntur.
976 3454 1065 3518 huius
1089 3452 1169 3515 eninr
1193 3453 1301 3516 classis

198 3566 374 3648 praelectus
398 3566 485 3648 equis
507 3571 537 3629 et
558 3566 666 3628 rhedis
698 3582 805 3629 cursus
837 3564 951 3645 publici
983 3562 1115 3626 civitatis
1138 3564 1301 3626 Ravennae

199 3677 240 3742 ad
263 3674 458 3757 expedienda
481 3676 591 3739 classis
618 3676 797 3739 necessaria
820 3676 972 3738 utebatur.
1003 3673 1086 3737 unde
1107 3672 1222 3735 curiosi
1245 3688 1302 3735 vo·

198 3792 309 3850 cantur
330 3787 381 3867 qui
403 3791 550 3866 praesunt
569 3786 671 3848 cursui
686 3785 809 3866 publico
832 3786 863 3846 in
879 3790 931 3847 tot.
943 3786 986 3846 tit.
998 3784 1030 3846 C.
1042 3783 1081 3847 de
1097 3784 1230 3846 curiosis
1238 3782 1300 3847 Xll.

198 3895 250 3960 23.
280 3895 389 3957 Posset
412 3897 502 3960 etium
529 3914 618 3958 curas
647 3893 801 3975 appellare
823 3900 1001 3972 curatores,
1025 3893 1077 3974 qui
1101 3899 1301 3956 commeatum

199 4011 231 4070 et
251 4004 428 4067 necessaria
456 4002 494 4065 ad
521 4003 652 4066 classem
674 4001 897 4082 procurabant,
920 3999 970 4062 vel
1000 4001 1082 4080 ipsas
1106 3999 1215 4062 classis
1247 4018 1301 4063 ne-

197 4112 369 4189 cessitates,
393 4117 484 4192 prout
498 4112 690 4194 accipiuntur
711 4113 743 4174 in
762 4113 839 4174 actis
860 4116 1024 4192 martyrum
1039 4110 1096 4173 sub
1108 4106 1300 4172 Diocletiano

197 4225 267 4306 imp.
282 4240 329 4304 ap.
341 4221 587 4285 Caesamltaron.
601 4222 754 4286 annilttt.
766 4216 903 4285 ‘uincite’
915 4220 1055 4301 inquiunt
1075 4216 1173 4283 ‘terro
1197 4236 1302 4283 manus

199 4350 237 4397 ae
258 4332 354 4415 pedes
376 4331 467 4414 lilius,
490 4351 549 4397 neo
572 4332 729 4396 dimittatis
743 4332 875 4414 aliquem
899 4348 1003 4395 curam
1018 4333 1048 4395 el
1063 4348 1230 4413 apponere,
1244 4329 1300 4392 ie.
