2918 4914
93 258 1321 316 1---------;-;-.----------.---Ιὸ

393 428 521 478 curat.
548 403 1004 491 mrte.121*.ll.24...26.
1134 407 1246 478 1135*

142 630 286 696 emisisse
307 632 340 695 L.
351 633 381 694 5.
394 630 447 693 Th.
462 631 494 695 C.
507 631 546 693 de
561 649 589 694 e.
599 647 629 693 o.
640 628 724 692 sord.
736 646 817 691 mun.
830 628 882 691 Xl.
897 628 979 692 td:
990 629 1022 691 L.
1037 630 1064 691 l.
1079 629 1150 691 lust.
1159 630 1192 692 G.
1208 630 1248 696 de

140 742 282 828 privileg.
292 740 373 805 dom.
383 742 525 826 Aug.Xl.
537 742 587 804 74.
599 740 703 803 docuit
720 738 861 803 Gothoir.
874 739 913 802 ad
926 738 956 801 lr.
968 740 1000 803 L.
1028 739 1248 822 inscriptiones

140 852 356 916 Bononienses
381 852 478 915 edidit
502 868 607 914 comes
630 849 699 913 Car.
711 850 800 913 Caes.
812 848 959 912 Malvesia
978 867 1070 931 supra
1094 851 1158 930 cit,
1181 852 1248 932 qui.

140 965 198 1026 bus
220 962 301 1026 addc
323 961 566 1026 Bononiensium
592 961 719 1024 militum
742 962 867 1024 nomina
890 980 929 1024 ex
951 960 1246 1026 llellerm.Latercc.

141 1073 265 1139 Caelim.
298 1075 345 1136 De
367 1073 591 1154 hodBolopna
614 1071 811 1155 cognominis
840 1070 1047 1156 delegationis
1071 1073 1171 1154 capita
1194 1091 1248 1136 se—

141 1185 303 1266 cundaque
325 1186 425 1249 Status
449 1183 602 1247 ecclesiae
624 1183 700 1247 urhe
722 1181 857 1259 (llassel.
869 1181 939 1245 ltol.
950 1201 978 1264 p.
989 1181 1062 1246 664.
1075 1193 1161 1264 sqq.)
1184 1201 1247 1247 non

140 1299 189 1359 est
209 1294 291 1375 quod
311 1294 460 1357 dicamus.
484 1292 563 1356 Vide
574 1293 695 1358 Cluver.
706 1294 728 1356 l.
740 1295 789 1356 98.
798 1311 824 1374 p.
837 1291 908 1355 983.
918 1291 1097 1374 sq.,Cellar.
1109 1293 1130 1355 l.
1142 1289 1247 1374 plauit.

139 1414 171 1483 s.
185 1401 249 1483 84,
275 1403 423 1468 llannert.
437 1405 487 1468 tx.
501 1408 527 1467 1.
546 1423 574 1485 p.
587 1405 658 1466 926.
674 1421 741 1485 sqq.
1335 1416 1340 1426 ’

227 1549 264 1560 -
286 1516 332 1591 ll.
345 1514 395 1578 26.
408 1525 469 1596 sap]
496 1512 670 1589 Qatndantes
690 1529 735 1575 aa.
758 1513 907 1593 Eporidio
925 1517 1016 1593 n‘‚².¹¹,
1041 1512 1179 1594 Eporido
1194 1520 1246 1580 a·⁵.
1286 1552 1288 1563 ·

140 1661 180 1672 -
205 1624 378 1701 Quadrato,
401 1623 420 1685 i.
434 1643 461 1687 e.
479 1624 603 1687 castra?
628 1624 780 1688 llannert.
798 1624 849 1687 lll.
861 1628 886 1687 l.
898 1645 928 1706 p.
944 1626 1011 1690 190.
1022 1625 1247 1704 „Quadratae“.

142 1735 257 1798 ll.Ant.
272 1731 383 1816 p.3ltt.
396 1735 443 1815 ,A
464 1733 640 1798 Mediolano
666 1735 790 1799 Arelate
812 1753 868 1816 per
891 1736 986 1817 Alpes
1008 1736 1140 1800 Gottias:
1161 1737 1247 1798 Tici-

139 1864 211 1908 num
226 1883 264 1895 -
286 1845 460 1927 Rigomago
479 1845 531 1921 [Μ.
544 1845 575 1907 P.
587 1843 713 1921 LVlll.].
740 1845 904 1919 Quadratis
920 1846 959 1909 Μ.
970 1846 1001 1909 P.
1015 1846 1080 1910 XV.
1106 1845 1247 1909 Taurinis

138 1956 178 2019 Μ.
189 1955 219 2018 Ρ.
227 1953 357 2018 ΧΧΙΜ.“
380 1973 409 2035 p.
419 1955 491 2018 356.
503 1956 696 2039 ,Rigomago
713 1955 929 2031 -Quadratis
938 1956 977 2018 Μ.
992 1956 1022 2019 P.
1034 1955 1114 2019 xvl.
1136 1956 1248 2019 Tauri·

140 2066 188 2127 nis
204 2065 244 2129 Μ.
260 2064 291 2127 P.
305 2062 406 2127 xxt«
438 2065 471 2126 lt.
485 2065 606 2129 Hieros.
623 2083 650 2146 p.
665 2067 737 2129 557.
751 2066 886 2147 ,Civitas
908 2051 1049 2129 Taurinis
1066 2106 1106 2118 -
1120 2067 1246 2130 lllutatio

140 2175 190 2238 Ad
216 2175 366 2239 decimum
391 2175 501 2238 milli.
524 2174 644 2238 Mansio
669 2175 834 2251 Quadratis
860 2174 999 2239 mil.Xll.
1017 2175 1247 2241 Mutatioceste

141 2285 263 2349 mil.Xl.
285 2284 404 2348 llansio
417 2286 589 2369 Rigomago
606 2285 701 2348 VllP‘.
733 2287 817 2348 llaec
829 2286 984 2361 Quadrata
1004 2286 1244 2350 Tab.Peut.non

143 2395 250 2472 habet,
272 2413 341 2458 nam
363 2413 441 2478 quae
463 2396 512 2458 lll.
525 2396 558 2458 B.
573 2397 653 2460 inter
671 2396 858 2461 Placentiam
884 2417 921 2461 ac
943 2399 1082 2462 Ticinum
1103 2400 1249 2464 indican-

141 2512 200 2587 tur,
223 2505 318 2589 longe
338 2506 419 2569 inira
441 2505 491 2568 illa
512 2506 569 2570 sila
590 2507 729 2585 luerunt;
747 2525 847 2588 neque
870 2527 930 2591 ego
953 2511 1046 2573 video
1068 2510 1139 2590 quid
1153 2510 1257 2575 Wes-¹

139 2617 196 2680 sel.
212 2615 325 2698 patu.
344 2616 403 2679 sihi
425 2616 558 2680 voluerit
587 2618 635 2680 his
658 2619 696 2680 ad
726 2638 754 2680 v.
768 2616 938 2693 Quadrotis
966 2620 1120 2683 adnotatis
1143 2621 1248 2684 verbis

140 2726 272 2806 ,Tabula
286 2727 324 2790 Μ.
336 2726 366 2788 P.
380 2726 488 2790 XXlll.
506 2727 680 2811 Rigomago
703 2735 828 2808 separat
835 2749 844 2805 3
865 2728 949 2791 unde
966 2728 1103 2810 suspicio
1120 2737 1177 2809 est,
1201 2730 1249 2793 al-

141 2842 238 2900 teram
263 2835 381 2899 denarii
402 2842 504 2899 notam
528 2855 546 2898 e
567 2837 656 2919 regio
676 2854 733 2899 ms.
746 2836 932 2900 excidissent
960 2856 1028 2900 nam
1052 2856 1153 2920 neque
1169 2839 1250 2904 haec

141 2936 309 3026 Quadrata,
334 2952 367 3007 ut
389 2945 587 3027 diutinoque
609 2947 689 3010 hanc
701 2947 905 3030 Rigomagum
924 2950 1069 3031 agnoscit
1081 2950 1154 3013 Tab.
1163 2950 1247 3015 Peut.

141 3057 257 3139 Geogr.
272 3057 347 3119 Rav.
357 3055 405 3119 lV.
417 3055 468 3119 30.
482 3056 583 3135 ,iuxta
604 3057 700 3138 Alpes
723 3063 770 3121 ost
781 3106 787 3119 .
800 3105 806 3120 .
819 3106 825 3119 .
839 3058 979 3140 Augusta
1001 3059 1169 3139 Praetoria,
1192 3061 1246 3124 Bi-

141 3166 262 3230 tricium
288 3165 497 3245 [Vitricium],
521 3167 652 3247 Eporea.
688 3167 760 3228 item
789 3183 881 3248 supra
915 3169 1060 3248 scriptam
1092 3169 1248 3234 civitatem

140 3295 221 3360 quae
252 3277 364 3343 dicitur
386 3276 537 3340 Staurinis
561 3275 728 3357 [Taurinis]
758 3283 805 3341 est
836 3278 945 3341 civitas
970 3288 1048 3357 quae
1079 3279 1248 3359 appellatur

144 3387 300 3462 Quadrata
321 3404 453 3450 murnum
476 3387 553 3470 {lego
573 3406 598 3449 c.
613 3387 653 3453 al.
666 3388 895 3467 munimentum,
919 3386 1072 3469 Festnnffl,
1097 3389 1169 3453 item
1191 3391 1248 3454 tti-

140 3514 305 3582 gomagus,
330 3497 451 3560 Costias
475 3497 615 3575 [Cottias,
641 3496 766 3577 Cosam,
788 3497 986 3576 Laumellum,
1003 3499 1093 3580 Papia
1116 3517 1195 3580 quae
1217 3507 1248 3564 et

142 3607 278 3687 Ticinus,
303 3608 480 3686 Lambrum,
505 3606 690 3681 Quadratam
714 3607 825 3671 Padam
851 3609 1021 3686 [Quadrata
1046 3609 1085 3672 ad
1107 3610 1245 3692 radump.

141 3720 215 3782 ltem
237 3719 319 3782 iuxta
343 3737 434 3799 supra
468 3720 613 3799 scriptam
636 3719 800 3799 Eporeiam
824 3735 886 3780 non
917 3720 1012 3802 longe
1035 3719 1073 3783 ab
1096 3719 1175 3801 Alpc
1200 3726 1247 3786 est

141 3829 250 3893 civitas
275 3846 354 3909 quae
385 3829 497 3891 dicitur
520 3827 679 3892 Victimula
695 3877 701 3890 .
716 3835 752 3891 .“.
786 3827 908 3892 clover.
923 3830 1003 3896 tos.
1018 3848 1047 3911 p.
1061 3831 1133 3895 234.
1145 3831 1247 3914 Rigo-

138 3957 260 4022 magum
284 3937 388 4017 Trino,
420 3939 576 4014 Quadrata
600 3938 808 4016 Crescentino,
830 3939 921 4002 Ceste
940 3939 1125 4002 Pulosauolo
1148 3941 1247 4006 inter-

138 4055 273 4131 pretatus
295 4055 351 4112 est.
395 4049 569 4113 Secundum
586 4051 733 4113 llannert.
747 4050 833 4113 locus
854 4050 904 4112 rabi
926 4050 1128 4116 occidentalis
1142 4052 1247 4117 Dorae

138 4158 263 4223 Balteaa
286 4177 355 4240 pars
369 4159 451 4222 Pado
475 4160 631 4238 miscetur,
651 4160 709 4221 ie.
723 4175 786 4221 non
811 4161 852 4223 ita
874 4161 983 4240 procul
999 4161 1080 4225 inira
1093 4160 1245 4225 Cliooaso

139 4285 249 4332 versus
272 4268 505 4332 Crescentinum
528 4270 558 4330 in
591 4269 751 4349 provincia
774 4269 957 4334 Taurinensi
981 4271 1118 4347 (Hassel.
1133 4270 1244 4352 ltetp.

139 4377 384 4456 372.)conditus
407 4379 474 4458 luit,
499 4379 565 4444 lere
587 4378 640 4442 ubi
657 4377 851 4444 Chauclrardi
871 4365 1054 4465 talngeogr.
1067 4382 1168 4445 vicum
1185 4378 1244 4442 Ve-

1120 4558 1129 4589 .,
1297 4511 1319 4576 l

93 4579 1322 4637 ‘wan
