2918 4914
93 238 1323 299 'damu

356 420 360 435 ¹
397 409 620 461 erumnaru-
645 388 992 473 anrsa.113*.t‚BB,
1154 388 1247 464 891*

149 610 251 692 aliqua
270 610 302 672 in
324 609 516 694 [deperditis]
539 611 658 676 actibus
682 611 856 674 Constantis
879 610 1068 691 rettulimus,
1090 610 1247 694 paullatim

149 718 310 802 prolapsos
339 722 370 782 in
400 721 473 786 vitia
497 741 515 785 a
538 720 721 786 stationibus
744 723 809 785 suis
831 722 979 802 removit,
1008 728 1112 803 aperte
1135 721 1248 785 eonvi-

149 836 225 911 ctos,
249 837 443 912 acceptarum
463 832 744 913 promissarumque
763 832 973 916 magnitudine
995 832 1178 914 praedarum
1200 832 1249 895 al-

148 940 257 1020 lectos,
282 958 360 1022 quae
381 942 462 1024 apud
482 959 541 1006 nos
564 943 749 1027 agebantur,
771 942 954 1024 aliquotiens
977 941 1117 1006 barbaris
1139 940 1248 1024 prodi·-

149 1050 251 1114 disse:
275 1051 307 1113 id
330 1053 412 1115 enim
436 1052 496 1115 illis
519 1059 587 1117 erat
607 1052 753 1131 officium,
777 1053 904 1116 utultro
927 1052 1066 1133 citroque
1081 1052 1246 1136 perlonga

149 1161 245 1241 spatia
269 1161 480 1227 discurrentes
500 1163 670 1228 vicinarum
695 1163 831 1246 gentium
853 1163 995 1244 strepitus
1018 1163 1134 1226 nostris
1157 1161 1248 1226 duci-

147 1269 205 1333 bus
237 1272 440 1337 intimaren't‘.
496 1273 651 1337 Britannia
685 1273 816 1354 denique
846 1273 1003 1337 stiliconis
1034 1271 1166 1355 gloriam
1197 1288 1247 1353 ap.

147 1379 304 1445 ctandian.
318 1383 502 1446 armantibus
522 1384 626 1448 verbis
639 1384 814 1464 praedicat,
841 1401 920 1465 quae
938 1399 1030 1464 supra
1051 1383 1177 1463 pseu.
1191 1399 1248 1444 re-

147 1490 279 1570 petenda
299 1493 482 1557 curavimus.
513 1509 613 1574 neque
642 1510 718 1556 vero
748 1492 842 1577 longe
865 1493 987 1556 duravit
1008 1490 1152 1555 auxilium
1175 1490 1249 1554 Bri-

146 1600 249 1663 tannis
281 1621 298 1665 a
322 1602 471 1667 stilicone
500 1603 602 1666 latum.
656 1604 703 1666 De
726 1604 760 1666 lt.
777 1604 848 1666 Ant.
860 1621 888 1684 p.
903 1602 976 1666 464.
990 1602 1114 1669 rubrica
1134 1601 1183 1683 „A
1207 1600 1249 1663 li·

146 1710 219 1773 mite
236 1710 269 1772 id
287 1717 337 1773 eat
360 1710 484 1774 al'ctlo
505 1710 662 1777 Praetorio
685 1721 800 1794 usque“
821 1714 881 1776 iarn
903 1713 1075 1776 monuimus
1099 1710 1195 1776 verba
1215 1710 1250 1772 id

146 1825 193 1881 est
206 1838 226 1881 a
240 1820 324 1881 οαὶίο
337 1821 470 1885 insiticia
485 1840 566 1901 csse,
583 1840 681 1903 eaque
693 1823 782 1886 etiam
795 1823 843 1886 Ps.
852 1821 979 1885 Bicardi
989 1821 1093 1885 Corin.
1106 1821 1246 1884 ltinerar.

148 1932 231 1994 n⁰.V.
243 1932 356 2012 omisit,
380 1931 461 2012 quod
483 1933 576 1998 babet
594 1935 640 2013 „A
661 1934 755 1997 limite
776 1933 963 1996 Praeturiam
981 1931 1167 2013 usque‚sic“
1184 1938 1247 1995 stc.

146 2041 193 2105 lix
217 2042 419 2124 scriptoribus
447 2044 542 2106 medii
566 2045 634 2108 aevi
657 2045 734 2108 haec
756 2043 795 2107 de
817 2043 912 2106 Vallis
932 2042 1096 2106 observata
1118 2047 1247 2106 enotare

145 2148 245 2214 visum
267 2158 333 2216 est:
359 2152 464 2216 Gildas
493 2154 622 2233 Sapiens
648 2154 688 2217 de
710 2154 811 2217 excid.
826 2152 1002 2215 Britanniae
1023 2151 1075 2213 lib.
1088 2151 1205 2233 qnerul.
1221 2152 1245 2216 1.

148 2276 234 2342 capp.
250 2263 375 2342 lbsqq.
391 2262 460 2340 „XL
475 2262 523 2351 De
545 2260 664 2324 duobus
682 2261 820 2342 pensum
839 2259 1017 2323 uictricibus
1040 2266 1071 2322 et
1089 2260 1127 2322 de
1143 2261 1247 2340 prim

145 2371 331 2434 curatione.
361 2372 440 2436 Exin
461 2372 618 2435 Britannia
640 2373 723 2435 omni
745 2378 861 2436 amnato
887 2371 982 2435 milite
1004 2370 1246 2453 militaribusque

147 2481 246 2562 copiis
268 2482 443 2545 rectoribus
470 2481 616 2564 linquitur
636 2482 818 2546 immanibus
842 2482 959 2564 ingenti
982 2480 1139 2544 iuventute
1167 2499 1245 2563 spo-

144 2588 229 2669 liata,
253 2609 333 2672 quae
355 2592 498 2655 comitata
520 2592 661 2674 vestigiis
683 2609 774 2673 supra
795 2591 869 2653 dicti
884 2589 1004 2672 tyranni
1020 2589 1169 2671 [Maximi]
1183 2589 1246 2653 do-

144 2714 225 2763 mum
248 2717 396 2781 nusquam
417 2700 497 2765 ultra
518 2701 626 2780 rediit,
651 2705 682 2763 et
711 2699 810 2763 omnis
832 2699 906 2762 belli
929 2717 1004 2763 usus
1026 2700 1135 2783 ignara
1155 2701 1248 2782 peni-

143 2814 192 2873 tus
215 2810 333 2873 duabus
360 2811 489 2892 primum
512 2810 655 2895 gentibus
676 2809 889 2873 barrsmarinis
910 2810 1111 2874 vehementer
1131 2810 1245 2891 saevis,

144 2920 305 2984 Scotorum
327 2940 345 2984 a
370 2922 526 3000 circione,
548 2921 700 2984 Pictorum
724 2920 761 2983 ab
786 2920 931 3000 aquilone
955 2919 1113 2984 calcabilis
1134 2920 1250 2985 multos

142 3035 245 3112 stupet
267 3031 421 3113 gemitque
449 3048 506 3112 per
528 3049 638 3094 annos.
682 3031 748 3095 Xll.
763 3028 811 3093 De
831 3029 1016 3111 areauna.
1049 3029 1132 3094 Gens
1152 3031 1248 3113 igitar

141 3139 310 3220 Britonum,
333 3142 495 3206 Scotorum
516 3141 729 3222 Pictorumque
750 3158 813 3204 non
834 3140 950 3220 ferens,
974 3141 1014 3203 ob
1038 3158 1166 3222 quornm
1188 3141 1240 3205 in-

141 3250 337 3314 festationem
358 3268 395 3313 ac
420 3250 605 3313 dirissimam
628 3251 860 3332 oppressionem
883 3250 1004 3332 legatos
1025 3249 1152 3313 Romam
1174 3267 1243 3315 eura

143 3360 281 3442 epistolis
305 3361 394 3423 mittit
414 3361 580 3424 militarem
600 3378 722 3425 manum
745 3359 783 3425 ad
805 3379 840 3425 se
855 3360 1073 3424 vindicandam
1094 3359 1245 3425 lacrimo-

143 3471 188 3536 sls
209 3470 464 3553 postulationibus
486 3487 631 3552 poscens,
655 3477 685 3534 et
707 3471 931 3534 subiectionem
952 3470 1001 3534 eui
1022 3472 1160 3536 Bomano
1182 3473 1244 3535 im-

141 3581 229 3664 perio
250 3582 396 3646 continue
417 3588 478 3645 tota
501 3582 594 3645 animi
616 3583 739 3660 virtute,
759 3582 787 3645 si
806 3582 904 3645 hostis
925 3581 1050 3665 longius
1072 3588 1243 3670 arceretur,

142 3704 271 3754 vorens.
316 3692 372 3754 Gai
394 3710 466 3756 mox
489 3692 660 3756 destinatur
688 3692 772 3774 legio
795 3692 952 3773 praeteriti
974 3692 1047 3756 mali
1071 3693 1240 3775 immemor,

142 3800 333 3866 sufficienter
354 3802 446 3866 armis
476 3803 634 3867 instructa.
669 3820 749 3884 quae
779 3802 895 3866 ratibus
925 3809 1009 3867 trans
1031 3820 1181 3869 oceanum
1209 3805 1241 3869 in

141 3912 272 3994 patriam
295 3912 424 3975 advecta
441 3919 471 3976 et
493 3914 631 3977 cominus
647 3932 715 3976 cum
737 3912 885 3997 gravibus
907 3913 1047 3978 hostibus
1070 3932 1241 3999 congressa

141 4038 345 4105 magnamque
368 4042 406 4085 ex
428 4023 474 4087 eis
499 4024 719 4088 multitudinem
741 4031 883 4089 sternens
906 4031 937 4088 et
959 4042 1066 4089 omnes
1090 4026 1240 4092 elinibus

140 4130 257 4213 depulit
281 4138 311 4195 et
332 4132 488 4196 subiectos
513 4133 597 4195 cives
620 4139 680 4196 tam
705 4135 804 4197 atroci
825 4134 1061 4199 dilaceratione.
1075 4154 1115 4200 ex
1136 4136 1241 4200 immi-

139 4242 228 4307 nenti
250 4242 425 4322 captivitate
450 4242 602 4306 liberavit.
638 4262 715 4326 qnos
746 4246 833 4309 iussit
864 4252 1045 4311 construere
1069 4247 1150 4310 inter
1178 4248 1240 4311 duo

138 4353 238 4421 maria
260 4360 344 4417 trans
365 4353 496 4418 insulam
519 4372 647 4436 rourum,
669 4362 701 4418 ut
721 4363 804 4422 esset
825 4358 969 4423 arcendis
991 4358 1129 4423 bostibus
1150 4358 1239 4423 turba

137 4583 140 4586 ,
152 4581 154 4584 .
168 4575 1253 4586 ,.--*——m———-*-.-——-.,—fl-—n—-ffi--,—v
