2918 4914
117 814 122 821 ·
248 792 374 854 stamini
394 790 456 854 lilio
483 792 549 854 eius
571 791 722 870 nominis,
747 791 928 854 vocabulum
953 790 1138 871 sumpsisse,
1163 795 1197 852 nt
1225 807 1244 851 a
1270 788 1355 855 Ger·
1397 864 1413 880 .

249 351 342 425 860*
365 375 530 423 annonae
545 373 1273 425 nor.ccccm.xxxvrnmnxanrrsnnnarl.
1410 344 1412 350 ’

240 524 374 654 'Belgica
397 572 565 635 secundum
588 571 744 650 Rhenum,
766 571 933 652 exquibus
957 570 989 633 lri
1011 571 1101 635 facile
1127 570 1269 635 contrahi
1292 587 1355 653 po-

248 685 376 769 terant“.
422 681 554 745 Facilius
578 686 719 762 poterant
741 699 757 742 a
781 680 914 761 quodam
933 680 1054 761 Crispo,
1079 680 1213 744 sortasse
1234 678 1360 743 acon«

246 899 366 963 manico
393 900 639 980 Germaniciani,
660 918 676 962 a
699 900 822 963 Tetrico
847 899 1031 976 latrinam,
1058 906 1091 961 ut
1119 897 1186 961 alae
1207 897 1355 961 Alexan-

209 996 213 1004 *
246 1008 365 1090 drinna,
380 1010 601 1090 Antoniniana,
617 1010 766 1090 Deciana,
785 1009 951 1088 Gordiano,
967 1008 1165 1090 Philippiana,
1178 1009 1354 1072 Severiana
1411 1034 1413 1055 ³

245 1120 367 1203 aliaque
397 1121 557 1186 eiusmodi
578 1120 730 1185 vocabula
758 1122 798 1184 ad
829 1122 1047 1202 imperatorum
1069 1120 1195 1183 nomina
1217 1119 1355 1184 formata

243 1238 322 1295 sunt.
348 1232 387 1296 cl.
398 1234 533 1297 Hennen.
551 1233 583 1295 in
607 1231 735 1294 Jctrbb.
748 1232 800 1294 des
820 1231 885 1294 Ver.
902 1249 933 1293 c.
946 1231 983 1294 A.
997 1231 1027 1293 F.
1041 1231 1082 1293 im
1095 1231 1211 1293 lileiul.
1223 1231 1308 1296 Xlll.
1319 1248 1351 1313 p.

244 1340 295 1404 74.
305 1359 384 1423 sqq,
410 1343 461 1424 qni
492 1349 592 1406 tamen
616 1342 644 1405 ei
676 1326 822 1424 regulae,
848 1343 880 1404 in
905 1342 996 1403 ianus
1026 1342 1170 1405 exeuntia
1195 1338 1352 1405 voeabula

242 1450 281 1515 ab
304 1450 459 1514 hominum
482 1452 656 1515 nominibus
677 1451 860 1515 deducenda
884 1469 966 1530 esse,
989 1450 1115 1514 nimium
1139 1449 1276 1514 tribuere
1300 1448 1352 1512 vi·
1448 1467 1451 1495 ι

244 1558 350 1641 detur,
374 1568 406 1624 ut
428 1582 455 1626 e.
472 1581 519 1644 gr.
533 1561 701 1624 Cimbriani
724 1563 808 1636 (Not.
822 1563 874 1626 Or.
886 1580 917 1642 p.
931 1560 999 1624 102.
1014 1579 1096 1623 num.
1107 1559 1154 1636 9.)
1169 1559 1349 1637 ostendunt,

241 1687 282 1734 ne
304 1671 404 1734 dicam
425 1671 464 1734 de
481 1650 716 1736 iis'nominibus
740 1689 818 1752 quae
835 1690 853 1734 a
872 1656 1053 1752 provinciis,
1068 1668 1349 1747 utPannoniciani‚

242 1779 290 1843 ala
312 1764 507 1861 Picentinus,
530 1781 580 1844 vel
610 1801 626 1843 a
652 1781 809 1865 legionum
832 1749 984 1859 numeris,
1018 1786 1050 1841 ut
1078 1779 1233 1857 Tertianl,
1257 1776 1350 1841 vela

241 1890 429 1970 muneribus,
452 1896 485 1954 ut
499 1889 693 1970 Stablesiani,
719 1891 848 1954 formata
868 1894 950 1968 sunt,
963 1895 1028 1952 etr.
1058 1890 1165 1971 Neque
1177 1906 1260 1967 nnnc
1274 1886 1349 1951 mihi

242 2001 317 2065 satis
343 2002 504 2083 probatum
527 1989 574 2066 est
594 2002 684 2064 Alam
709 2001 877 2081 Aprlanam
900 2000 986 2078 (Not.
996 2000 1049 2065 Or.
1061 2018 1088 2080 p.
1101 1999 1151 2063 68.
1165 1999 1199 2061 Β.
1216 1998 1266 2077 9.)
1281 2015 1346 2062 non
1406 2070 1408 2087 ι

243 2110 281 2173 ab
308 2112 401 2193 Apris
426 2110 559 2191 colonia,
581 2111 637 2175 sed
661 2111 698 2173 ab
722 2111 808 2192 Apro
832 2110 975 2193 quodam,
994 2116 1027 2173 ut
1046 2108 1222 2173 Hennenius
1236 2109 1349 2190 (p.75.

240 2218 260 2282 l.
271 2220 475 2303 c.)eensorie
498 2221 605 2300 innuit,
630 2219 809 2301 appellatam
835 2220 940 2282 luisse.
992 2220 1038 2283 De
1060 2219 1235 2282 nominibus
1259 2217 1351 2281 viro-

240 2347 308 2394 rum
339 2331 489 2412 impositis
513 2331 639 2393 rnilitum
662 2330 804 2394 Numeris
826 2329 897 2392 vide
929 2329 1020 2392 etiam
1043 2327 1297 2410 Fabrett.p.535.
1309 2325 1349 2391 ad

240 2441 419 2505 nnm.LVll.
443 2441 584 2515 Ceterum
608 2439 875 2520 Crispiniooorum
890 2439 1014 2520 scripsit
1034 2436 1349 2503 samuelus-oa-

240 2570 323 2631 num,
338 2569 403 2615 sec.
415 2551 450 2612 lt.
462 2551 534 2614 Ant.
547 2569 575 2631 p.
591 2548 663 2613 475.
673 2550 747 2614 478.
763 2549 888 2614 aLindo
902 2548 1062 2630 [lincoln]
1072 2547 1196 2628 XXXV,
1213 2546 1251 2611 ab
1262 2547 1350 2611 Ebu·

240 2678 316 2724 raco
330 2659 448 2740 [l'orlt]
461 2659 601 2723 XXXVll
618 2661 656 2723 lli.
669 2659 702 2737 Pi
714 2665 875 2737 remotum,
900 2657 995 2720 hodie
1017 2656 1194 2720 Donouster
1214 2656 1349 2721 comita·

242 2778 290 2835 tus
304 2771 512 2835 Eburacensis
528 2768 663 2846 (Hassel.
680 2787 708 2849 p.
721 2769 828 2847 998.);
854 2768 940 2831 Daoo
958 2767 1164 2833 Pseudo-llic.
1178 2766 1284 2830 corin.
1294 2766 1349 2831 ad.
1402 2800 1403 2817 ι

240 2880 365 2962 scripsit
374 2881 434 2961 „ibi
448 2880 712 2944 intrasMaximam
725 2878 989 2956 Caesariensem&
999 2895 1077 2959 quae
1090 2876 1239 2959 loquendi
1248 2877 1347 2941 torma

240 3012 279 3056 ex
294 2992 360 3054 ltin.
370 2991 490 3055 Hieros.
503 2991 680 3072 deprompta
696 2996 752 3053 ost.
777 2988 815 3051 de
826 2990 913 3052 Dauo
929 2986 1101 3051 Cnmdcnus
1114 3006 1144 3070 p.
1155 2985 1228 3051 399.
1239 3004 1288 3068 sq.
1301 2986 1348 3051 sic

242 3102 422 3185 disputavit:
440 3100 578 3181 „Danaa
601 3100 694 3182 vulgo
710 3099 781 3161 Don
804 3098 949 3173 otilone,
973 3099 1014 3162 ita
1035 3098 1077 3159 uti
1099 3097 1221 3161 videtur
1242 3096 1348 3169 nomi-

239 3217 328 3275 natus
355 3208 437 3292 qnod
459 3209 608 3291 pressiori
640 3214 671 3269 et
694 3207 837 3271 interiori
861 3209 892 3270 in
921 3208 1019 3271 solum
1048 3208 1161 3271 labitur
1182 3206 1291 3286 alveo,
1316 3204 1346 3268 id

206 3380 211 3393 ,
240 3321 322 3385 enim
351 3319 423 3383 Dan
449 3320 603 3383 Britannis
626 3317 802 3400 significat,
833 3317 961 3399 primum
988 3316 1140 3397 Steofield
1169 3314 1347 3398 [Stcffield]
1401 3356 1404 3439 A

241 3429 384 3513 oppidum
412 3429 616 3513 praeterit...
639 3428 806 3508 Dispertito
838 3427 951 3517 deinde
977 3427 1067 3492 alveo
1096 3426 1201 3490 Dauus
1223 3431 1345 3489 vetusto
1401 3444 1404 3449 ·

241 3539 354 3622 oppido
375 3539 512 3603 allabens
537 3555 650 3601 nomen
673 3538 807 3619 impertit
830 3555 929 3616 suurn,
955 3538 1037 3618 qnod
1058 3556 1116 3601 nos
1136 3537 1230 3600 hodie
1253 3536 1347 3599 Don-

241 3655 354 3728 costcr,
374 3649 460 3713 Scoli
481 3648 670 3725 Dooccaler,
693 3649 832 3712 Saxones
855 3647 1063 3723 Donacester,
1087 3647 1224 3712 Nannius
1248 3646 1346 3710 Caer-
1401 3714 1404 3719 ,

239 3757 350 3831 Dauo,
381 3758 437 3822 sed
458 3758 632 3823 Antoninus
657 3759 800 3837 Donum,
832 3759 877 3821 nti
903 3764 933 3820 et
956 3758 1137 3822 Notitiarum
1165 3757 1264 3837 liber,
1296 3755 1346 3839 qui

241 3866 377 3948 prodidit
409 3868 599 3933 Praefectum
630 3870 771 3951 Equitum
803 3868 1065 3949 crispinianorunn
1100 3868 1144 3931 ibi
1175 3867 1232 3931 sub
1260 3868 1346 3930 Duce

241 3975 315 4038 Brit.
336 3976 498 4040 stationem
521 3978 684 4043 habuisse.
699 3986 726 4040 .“
756 3978 795 4040 el.
814 3978 1101 4041 (larnden-Gibson.
1119 3996 1147 4060 p.
1161 3977 1247 4058 707,
1271 3975 1345 4042 Gale
1398 3976 1401 4021 ³

240 4102 269 4166 p.
281 4083 345 4163 97,
370 4085 479 4149 cellar.
492 4088 514 4150 l.
526 4105 554 4167 p.
568 4087 639 4151 346.
651 4095 681 4164 §-
694 4089 758 4167 ὀᾶ,
781 4086 988 4169 Busclringp.
1000 4088 1082 4168 733,
1109 4088 1160 4168 qui
1182 4087 1264 4151 viam
1281 4087 1348 4152 llo-

240 4213 362 4259 manam
384 4195 435 4256 hic
456 4214 620 4276 superesse
636 4203 772 4275 testatur,
794 4196 975 4260 Volkmann.
987 4199 1035 4260 lV.
1047 4217 1076 4278 p.
1088 4198 1137 4260 25.
1152 4203 1183 4259 et
1195 4197 1346 4261 llannert.

241 4303 277 4371 ll.
289 4306 319 4367 2.
332 4304 381 4368 ed.
394 4304 429 4368 ll.
442 4323 471 4387 p.
485 4307 572 4382 150.;
589 4306 644 4370 sed
665 4307 716 4369 hic
741 4307 863 4387 quidem
879 4326 982 4391 pseq.
993 4307 1148 4371 diversam
1161 4306 1349 4373 sententiam

1252 4536 1356 4544 m—
1364 4538 1365 4542 .
