2918 4914
122 257 1306 321 dem*

362 446 366 453 -
428 423 607 472 curamur.
631 404 1014 477 marca.125*.126*.
1161 408 1274 482 1183*

174 623 379 704 dispositione
401 624 486 687 Pir.
502 642 559 706 per
582 624 683 688 ltalias
707 626 803 688 luisse
825 644 920 708 saepe
945 629 1128 693 monuimus.
1172 630 1274 696 Habes

171 752 271 798 meam
293 736 332 797 dc
354 735 571 798 correctorum
593 736 754 815 potestatis
775 742 806 799 et
824 736 1037 818 appellationis
1056 740 1178 822 origine
1199 758 1275 804 sen·

170 845 307 908 tentiam.
352 843 558 907 Cassiodorus
571 843 760 907 vravnan.
773 845 853 908 hanc
873 847 1050 910 Fonmvrrm
1074 854 1276 930 [cor]rccro-

171 955 242 1018 ars⁶
265 976 451 1018 rnovmcrra
476 953 782 1036 exhibet:,0mnino
803 955 934 1037 provide
950 959 1089 1021 decrevit
1110 960 1274 1041 antiquitas

170 1064 291 1128 indices
313 1064 353 1127 ad
374 1065 552 1145 provincias
577 1065 673 1145 mitti,
696 1083 736 1127 ne
756 1067 854 1146 possit
877 1065 915 1128 ad
946 1083 1005 1130 nos
1027 1069 1182 1132 veniendo
1206 1089 1275 1133 me-

170 1174 321 1239 diocritas
344 1174 512 1257 ingravari.
557 1174 631 1249 Quis
653 1177 735 1239 enim
758 1176 909 1240 latronum
932 1178 1029 1242 lerret
1051 1179 1223 1259 audaciam,
1246 1182 1274 1244 si

167 1285 264 1368 longa
287 1285 417 1366 positam
441 1291 669 1368 cognoscerent
690 1286 908 1367 disciplinam?
932 1288 1071 1352 absolute
1090 1296 1212 1371 poterat
1225 1292 1273 1355 vie

167 1397 320 1476 permissa
342 1396 499 1477 grassari,
531 1396 558 1458 si
581 1413 776 1477 conquerens
803 1397 920 1461 tardius
951 1398 1131 1462 crederetur
1162 1401 1273 1464 audiri.

167 1504 226 1568 scd
249 1510 362 1585 quanto
385 1504 494 1568 melius
518 1505 549 1566 in
566 1505 641 1585 ipsis
664 1505 822 1569 cunabulis
845 1508 946 1570 adhuc
968 1508 1072 1572 mollia
1092 1511 1273 1592 reprimere,

167 1631 260 1696 quam
283 1614 424 1678 indurata
449 1614 577 1678 erimina
611 1614 789 1677 vindicaret
834 1616 866 1677 ln
890 1617 1102 1698 compendium
1128 1620 1274 1685 mittimus

168 1726 265 1804 mala,
294 1726 321 1789 si
342 1727 517 1807 praesentia
543 1727 672 1790 iacimus
702 1743 772 1790 csse
799 1727 922 1790 iudicia.
961 1729 1029 1808 quis
1059 1730 1139 1791 enirn
1163 1731 1275 1795 audent

167 1852 321 1917 peccare,
345 1853 414 1897 cum
445 1853 535 1915 supra
565 1836 705 1899 cervices
739 1853 811 1900 suas
835 1836 1058 1900 districtionem
1090 1840 1274 1921 cognoverit

168 1946 359 2009 imminere?
383 1945 421 2009 Et
442 1946 514 2008 idco
532 1945 575 2008 'le
597 1945 640 2007 illi
663 1946 842 2026 provinciae
866 1952 1102 2027 [cor]rcctorcm
1121 1966 1176 2028 per
1190 1949 1273 2014 illam

169 2056 369 2119 indictionem
391 2055 504 2119 Nostra
528 2056 619 2118 mittit
639 2055 773 2134 electio,
796 2062 828 2119 ut
850 2075 886 2119 re
912 2075 984 2120 vcra
1008 2059 1170 2140 corrigere
1191 2062 1274 2121 nita-

168 2167 216 2229 ris
247 2183 324 2247 quos
345 2165 411 2227 libi
441 2167 623 2230 commissos
652 2185 724 2229 csse
755 2168 932 2251 cognoscis.
989 2167 1164 2250 Clrlamydis
1189 2169 1272 2234 Tuae

168 2276 392 2358 proculdubio
420 2277 501 2340 inter
528 2277 587 2340 alia
612 2277 718 2341 clavos
742 2276 886 2355 intende,
911 2295 988 2359 quos
1008 2277 1091 2341 scias
1115 2296 1177 2340 non
1201 2281 1271 2343 ina-

167 2386 250 2449 niter
269 2386 411 2467 p'ositos:
434 2386 506 2450 hine
534 2385 565 2449 fit
597 2393 629 2448 ut
661 2405 730 2449 cum
760 2386 913 2467 publicum
944 2393 1072 2468 agentes
1107 2406 1270 2469 purpuram

168 2501 349 2574 cernerent,
374 2496 413 2559 dc
439 2498 548 2579 vigore
572 2514 694 2578 semper
715 2497 862 2577 principis
885 2496 1105 2558 admonerent:
1128 2498 1270 2580 geniatus

166 2604 303 2685 indutus,
325 2607 420 2669 vestis
443 2606 591 2689 gratiosa,
617 2625 706 2689 quam
729 2605 869 2669 filiosuo
892 2605 1012 2669 Priamo
1034 2608 1137 2669 Venus
1160 2607 1289 2671 dicitur·

167 2715 317 2793 texuisse,
341 2721 373 2778 ut
395 2715 526 2778 eximiae
549 2715 783 2796 pulchritudinis
805 2722 932 2778 matrem
956 2716 1155 2800 singulariter
1177 2735 1273 2781 orna-

166 2830 216 2887 tus
235 2824 314 2887 lilius
336 2829 510 2887 testaretur.
562 2825 694 2905 llcspicc
717 2831 859 2904 quantum
891 2825 1032 2889 dederint
1060 2826 1148 2908 leges
1177 2832 1208 2889 et
1233 2825 1273 2890 ad

168 2952 342 3000 mensuram
365 2935 407 2996 Te
432 2937 593 3014 potcstatis
623 2933 767 2998 extende.
816 2936 884 2998 'libi
908 2936 1056 2999 fiscalium
1090 2938 1272 3002 tribulorum

169 3044 287 3109 credita
309 3049 496 3106 monstratur
517 3043 649 3106 exactio.
695 3043 821 3119 Constat
845 3062 917 3106 esse
938 3045 1019 3108 lirae
1039 3045 1111 3108 lrdci
1124 3048 1273 3109 commis-

168 3173 234 3218 sum
257 3153 390 3234 principi
413 3152 589 3214 renuntiare
624 3151 705 3231 quod
737 3153 768 3213 in
797 3153 966 3232 provinciis
998 3153 1145 3233 probatur
1168 3169 1283 3217 emer-·

168 3282 254 3347 gere.
298 3261 343 3325 'lu
365 3261 456 3324 ctiam
478 3265 652 3324 senatorem
674 3260 786 3323 ibidem
809 3261 995 3325 rcsidentcm
1015 3262 1132 3325 iuberis
1152 3263 1270 3344 audire,

169 3373 210 3435 'lu
240 3373 271 3434 in
303 3373 529 3453 praefectorum
561 3371 684 3434 militem
712 3389 782 3433 cum
809 3372 904 3451 ipsius
937 3378 1050 3434 tantum
1079 3374 1272 3437 conscicntia

168 3483 340 3547 vindicare.
384 3482 477 3543 Tuum
505 3498 618 3543 nomen
640 3481 671 3542 in
692 3480 967 3561 subscriptionibus
990 3482 1145 3544 iusserunt
1166 3482 1270 3546 lrono-

121 3610 123 3687 p
169 3591 241 3656 ratis
260 3590 503 3672 provincialibus
527 3589 694 3652 anteferri:
718 3589 790 3670 quid
815 3589 910 3652 dela
932 3590 1124 3653 aestimatum
1147 3592 1196 3669 sit,
1213 3591 1272 3654 da·

168 3705 215 3767 iur
237 3701 370 3780 adverti,
394 3702 443 3763 cui
467 3707 510 3763 tot
532 3701 675 3762 vidcnlur
698 3699 819 3762 nobiles
842 3700 981 3781 poluisse
1003 3700 1154 3781 postponi.
1179 3700 1271 3764 addi-

166 3815 215 3878 itu·
238 3812 320 3894 qnod
343 3830 359 3874 a
382 3811 520 3892 Principe
544 3812 640 3873 irater
662 3810 802 3888 voceris,
825 3814 858 3872 ut
879 3809 1037 3873 nobilitate
1058 3811 1185 3891 pretiosi
1209 3829 1271 3875 no-

155 3921 297 3987 minisa
326 3921 442 3985 vilitate
465 3920 624 3983 criminum
649 3918 815 3983 tollereris.
861 3919 970 4001 Cogita
993 3925 1144 3984 tantorum
1167 3920 1271 3985 homi-

267 4078 365 4150 ‘prior
384 4094 521 4145 rrcroars,
540 4078 587 4132 red
598 4094 776 4132 conarcroarr
794 4079 822 4130 in
840 4081 919 4131 inser.
931 4080 1025 4147 capitis
1044 4079 1187 4151 legandum
1199 4098 1268 4149 cmo,

146 4179 305 4247 exipsius
327 4177 457 4230 formulae
482 4186 575 4230 tenore
594 4193 682 4247 eoque
707 4175 776 4246 quod
796 4192 917 4229 roanvut
938 4193 1164 4232 consrunnrrrrra
1190 4195 1270 4247 praa.

140 4277 249 4328 cernit
266 4274 325 4345 (Vl.
340 4275 396 4347 20.)
416 4282 443 4326 et
465 4273 555 4343 paullo
574 4281 634 4342 post
652 4274 766 4346 (vili.)
783 4290 907 4327 roaruun
930 4290 1111 4329 rnamrorrva
1139 4278 1268 4345 requitur,

135 4373 229 4424 milui
253 4372 433 4443 colligendum
453 4386 511 4424 erse
531 4372 644 4424 videtur.
1091 4376 1096 4385 “

121 4558 1306 4609 w
