2918 4914
101 266 1318 384 Q&

320 439 388 488 car.
403 440 548 489 marri.
573 440 613 488 au
640 419 887 507 rao.103*.tt.
905 429 1066 521 1...a.aq.
1151 421 1242 498 799*

141 637 262 717 populis
285 640 402 719 recepti
434 639 642 720 asperioribus
671 640 892 707 limitaneorum
919 644 1147 724 provinciarum
1178 650 1244 710 un·

141 745 240 809 ctibos
263 753 294 809 et
313 746 452 812 colendis
473 753 504 811 et
525 750 646 812 tuendis
669 749 814 814 destinati
829 753 954 833 proprio
967 753 1070 815 Gentis
1090 754 1243 816 uocabulo

137 855 168 916 b.
180 856 200 917 l.
215 856 399 920 indicantur.
425 864 515 938 atque
538 859 577 922 de
592 859 761 923 Gentilibus
785 862 894 925 suevis
906 861 1149 944 Alamannisqne
1163 863 1246 926 bunc

137 965 238 1029 locum
265 966 406 1030 fortassis
427 968 635 1033 intellexeris:
664 970 782 1034 Suevos
804 972 920 1035 Raetiis
944 974 1003 1036 iam
1025 974 1082 1036 sub
1104 976 1245 1055 Augusto

140 1077 331 1140 imminuisse
347 1078 606 1143 landualdi.
622 1086 730 1143 auctor
751 1086 809 1160 est,
831 1089 861 1146 et
883 1083 922 1145 ad
939 1101 967 1147 a.
979 1083 1246 1147 biti-Ammianus

141 1187 626 1268 (xvl.1o,to.)oeconstmn0
647 1191 719 1272 imp.
738 1192 911 1272 „adsiduis“
934 1193 977 1256 ait
990 1193 1122 1272 „nuntiis
1144 1199 1248 1256 terre-

140 1298 230 1364 batur
252 1305 283 1362 et
304 1300 417 1378 certis,
441 1300 648 1364 indicantibus
673 1302 791 1366 Suevos
813 1303 937 1366 Raetias
957 1303 1140 1382 incursare,
1164 1286 1249 1378 Qua·

142 1408 261 1490 dosque
282 1408 455 1499 Valeriam,
479 1417 511 1472 et
533 1410 704 1492 Sarmatas,
727 1391 932 1475 latrocinandi
951 1414 1168 1494 peritissimum
1189 1430 1252 1501 geg

141 1536 210 1598 nus,
233 1519 429 1600 Superiorem
453 1519 601 1584 Moesiam
623 1525 654 1583 et
675 1520 848 1585 Secundam
871 1521 1011 1602 populari
1031 1523 1248 1599 Pannoniam,

144 1629 183 1692 de
203 1629 383 1693 Alamannis
406 1636 506 1695 autem
521 1631 884 1717 Raetiasinlestantibus
904 1650 996 1713 supra
1020 1632 1142 1712 saepius
1167 1631 1252 1693 vidi-

142 1757 220 1803 mus.
246 1757 376 1821 quorum
395 1741 576 1821 populorum
599 1741 722 1823 agmina
744 1741 866 1804 devicta
890 1741 923 1803 in
945 1742 1098 1805 Romanas
1121 1740 1252 1821 provin-

144 1849 209 1911 cias
229 1848 376 1912 translata
397 1848 585 1930 militiaeque
608 1849 773 1913 Gentilium
795 1850 907 1913 tradita
930 1867 1011 1928 esse,
1034 1849 1083 1912 vel
1108 1868 1147 1912 ex
1163 1848 1252 1910 balius

144 1957 241 2039 ipsius
265 1958 400 2022 Notitiae
423 1977 489 2040 cap.
504 1960 565 2023 XL.
580 1964 710 2022 constat.
756 1958 817 2022 Sed
845 1958 1019 2022 accuratius
1042 1976 1077 2020 re
1099 1933 1253 2038 perpensa

145 2068 301 2132 Sarmatas
330 2068 426 2132 luisse
450 2069 587 2133 Gentiles
619 2088 674 2150 per
704 2068 828 2133 Raetias
858 2067 1017 2148 deputatos
1048 2066 1252 2131 crediderim:
1333 2070 1338 2078 ’

147 2179 306 2243 Sarmatae
329 2179 409 2241 enim
433 2196 539 2242 omnes
568 2178 600 2240 in
628 2176 713 2242 ltalia
745 2177 908 2258 superiore
935 2176 1091 2239 constituti
1117 2175 1254 2240 Gentiles

149 2288 289 2367 luerunt,
314 2287 353 2352 de
375 2305 504 2368 quorum
530 2287 649 2351 stativis
672 2287 752 2371 inira
774 2288 907 2368 p.191*.
923 2287 1052 2350 relatum
1074 2293 1138 2363 est;
1165 2292 1256 2366 atquc

151 2416 191 2462 ex
212 2397 297 2461 ltalia
319 2397 481 2479 superiore
502 2416 556 2479 per
576 2397 700 2460 Raetias
723 2397 883 2478 deputatos
907 2397 1004 2460 luisse
1025 2414 1088 2459 non
1111 2393 1258 2476 estquod

152 2507 333 2571 dabitemus.
385 2507 492 2587 Neque
524 2507 684 2589 probabile
719 2506 860 2586 cuiquam
892 2506 1065 2585 videbitur,
1094 2507 1257 2570 laetorum

153 2618 377 2698 Gentiliumqoe
398 2636 555 2697 numeros,
577 2619 608 2680 in
634 2616 832 2680 interioribus
854 2617 974 2698 imperii
995 2616 1177 2699 regionibus
1197 2617 1259 2679 ba-

152 2729 252 2809 bitos,
275 2747 332 2810 per
355 2745 409 2793 eas
430 2729 606 2810 provincias
628 2728 722 2792 facile
747 2727 907 2808 deputatos
932 2727 1046 2806 luisse,
1070 2745 1148 2808 quae
1172 2726 1261 2808 ipso«

154 2857 221 2901 rum
240 2837 359 2920 patriae
376 2837 508 2928 ‘vicinae
531 2844 650 2903 esseut:
675 2856 745 2902 nam
769 2836 819 2900 vel
847 2835 954 2899 domiti
981 2835 1091 2901 leones
1111 2838 1144 2900 in
1165 2837 1260 2900 silvas

154 2948 269 3030 patrias
292 2967 452 3030 erumpere
480 2956 598 3029 amant,
621 2948 784 3029 caprisque
805 2947 950 3009 arcendis
971 2964 1035 3010 non
1064 2948 1144 3011 bene
1165 2947 1261 3010 bincia

156 3048 298 3123 utereris.
323 3095 359 3109 -
393 3057 520 3141 Rbattoa
542 3063 627 3138 boo,
660 3059 766 3122 Retico
788 3050 991 3151 Militantis.
1043 3059 1175 3123 Maxime
1205 3074 1262 3138 per

158 3175 301 3233 montana
323 3169 495 3233 Tirolensia
528 3169 654 3234 castella
680 3170 846 3257 dispositos
876 3171 974 3235 fuisse
995 3170 1130 3234 Gentiles
1155 3175 1186 3231 et
1207 3184 1263 3249 per

159 3297 194 3343 se
218 3286 247 3343 et
270 3300 309 3344 ex
332 3280 362 3344 b.
376 3280 395 3342 l.
410 3278 570 3359 probabile
593 3296 664 3343 esse
686 3279 817 3344 videtur.
868 3281 914 3344 De
940 3279 1091 3343 vocabulo
1116 3279 1264 3359 deputare

159 3389 231 3452 vide
253 3408 332 3470 quae
343 3408 372 3471 p.
387 3389 474 3452 tota
488 3387 527 3451 ad
541 3406 570 3469 p.
590 3388 675 3451 102⁴&
689 3389 735 3466 ii.
747 3391 777 3452 5.
789 3407 856 3470 sqq.
869 3390 1059 3471 protulimus.
1086 3389 1132 3452 De
1153 3389 1265 3463 Terio-

159 3498 198 3562 lis
220 3499 288 3564 siva
308 3497 421 3567 {lerioli
444 3507 530 3576 (nam
552 3496 592 3561 de
614 3496 713 3561 forma
739 3497 815 3561 nibil
843 3504 978 3575 constat)
1007 3499 1046 3563 ad
1073 3498 1265 3580 superiorem

159 3609 188 3685 i.
203 3611 251 3672 15.
264 3613 364 3672 actum
387 3613 442 3672 est.
787 3675 788 3678 ,
990 3599 992 3601 ’

247 3755 287 3770 ·-
309 3720 355 3796 ii.
370 3721 399 3783 5.
415 3729 476 3801 sq.]
497 3717 793 3782 Barboricoriornm
818 3732 914 3781 annas
937 3725 1060 3801 praeter
1078 3701 1130 3799 Cp
1152 3719 1185 3781 in
1205 3734 1267 3800 quo

162 3822 460 3903 Barbarioricoram
482 3837 537 3894 est.
564 3831 637 3893 mihi
659 3845 733 3895 vero
757 3831 870 3894 nullum
891 3831 1014 3894 dubium
1028 3835 1179 3917 superest,
1195 3828 1269 3910 quin

166 3939 206 4003 de
218 3939 386 4019 Romanis,
409 3946 442 4001 ut
465 3940 544 4003 inira
560 3940 689 4021 p.113*.
705 3941 787 4020 Mb,
808 3940 861 4003 ubi
880 3939 953 4004 vide
974 3943 1090 4019 annot,
1102 3946 1133 4001 et
1145 3937 1267 4019 patus

144 4051 193 4150 J·
205 4051 269 4129 21„
292 4050 352 4113 boc
374 4067 497 4131 qaoque
521 4049 592 4113 loco
615 4067 717 4114 sermo
739 4051 789 4130 sit,
813 4057 844 4114 et
864 4048 1089 4113 Borcuriomm
1108 4054 1193 4113 recte
1209 4049 1271 4111 iam

166 4159 326 4224 Velserum
349 4158 653 4240 (ed.Vcnet.1594.)
677 4160 801 4224 dedisse
821 4161 1001 4241 tempestive
1020 4160 1131 4222 video:
1153 4137 1288 4220 litterad·

167 4269 240 4333 buri
261 4288 301 4334 ex
322 4269 426 4351 inepta
447 4270 631 4351 repetitione
653 4277 759 4334 enatas
782 4271 853 4334 ideo
875 4270 997 4333 uncinis
1018 4269 1139 4332 inclusi.
1190 4267 1273 4329 Pan·
1291 4338 1293 4342 .

168 4376 285 4447 ciculum
306 4382 408 4446 omnia
425 4398 482 4445 suo
505 4398 593 4446 more
609 4380 758 4464 explicat:
781 4380 1005 4464 „Barbaricarii
1017 4385 1088 4445 sunt
1101 4379 1227 4460 (Donat.
1241 4377 1274 4440 in
