2918 4914
121 200 1175 250 mb-

259 344 921 433 ou.xxx.m1›m.89*.p.u....a.‚
1038 329 1044 343 ⁵
1095 347 1112 381 *
1175 327 1177 336 .

121 570 188 635 ur.
203 589 222 634 a
239 567 471 632 lllocomadibus
488 566 587 648 Syrtis
601 565 658 643 (cl.
670 565 709 629 ad
721 567 819 645 pm),
843 564 1021 632 CXXXVlll
1030 567 1070 632 Μ.
1080 567 1111 631 Ρ.

123 681 193 745 nice
215 679 387 763 Cyrenaica
404 675 590 757 (Romamn
612 677 715 758 itaque
736 676 788 740 hic
804 676 1113 744 Limesl'intiberita-

121 810 164 870 re,
186 791 319 854 sirecte
341 787 532 866 coniectari,
555 785 795 850 Tiniodiritanus
818 786 851 849 in
873 787 1019 850 extremis
1042 788 1113 851 Tri-

124 912 162 964 ac
184 899 365 982 provinciae
394 897 505 961 finibus
529 896 730 979 Cyrenaicum
752 914 881 976 versus,
908 902 999 978 atque
1020 899 1052 961 in
1075 919 1113 963 eu

121 1016 248 1092 iperio,
272 1026 361 1090 quarn
384 1009 481 1090 ipsam
504 1008 639 1072 sortasse
659 1013 750 1073 antea
774 1005 965 1090 Cyrenaicae
988 1006 1113 1072 adscri-

124 1120 191 1184 oliti
211 1120 351 1197 fuerant,
375 1118 569 1198 quaerendus
597 1117 665 1180 crit.
698 1117 737 1181 cl.
753 1117 827 1180 Ptol.
842 1116 890 1180 lV.
906 1117 936 1180 3.
949 1114 979 1180 4.
992 1123 1023 1181 et
1040 1117 1113 1181 vido

121 1236 155 1294 rt.
167 1232 205 1295 X.
218 1233 247 1297 t.
262 1248 291 1311 p.
308 1230 377 1295 114.
389 1245 448 1309 sp,
472 1225 857 1309 Ulcert.,Nordosr.p.478.
887 1227 1018 1310 Lapieus
1030 1227 1070 1292 ad
1081 1247 1111 1292 v.

121 1339 158 1402 iri
181 1340 346 1420 adscripsit
365 1336 501 1419 „chtco
520 1342 698 1418 montopnca
719 1337 757 1400 de
778 1335 892 1400 saccea.

121 1451 183 1526 vl·
208 1451 252 1530 7.]
275 1448 541 1518 accensionum.
565 1446 717 1512 Pancirol.
731 1448 841 1526 „Forte
857 1446 1024 1530 legendum
1034 1445 1114 1509 Bol-

122 1557 255 1622 allatio
276 1560 401 1641 oppido,
426 1561 509 1643 quod
537 1561 570 1622 in
595 1559 654 1622 hao
673 1559 805 1643 regiona
826 1556 1019 1621 Ptolomaeus
1045 1557 1115 1621 col-

123 1674 177 1731 aut
204 1669 277 1731 dicti
300 1676 371 1732 sunt
392 1670 507 1748 [dictus
529 1675 576 1732 est
598 1669 699 1749 limes]
724 1688 741 1731 a
766 1666 890 1729 Bodetia
911 1665 1040 1730 Africae
1062 1667 1114 1730 in-

121 1798 131 1842 s
153 1779 284 1861 populis,
310 1797 327 1841 a
349 1780 441 1842 Corn.
456 1780 551 1844 Balbo
573 1780 754 1861 superatis“.
799 1780 888 1861 Apud
908 1778 1115 1845 Ptolemaeum

121 1872 157 1954 ex*
174 1889 296 1970 oppidis
319 1889 400 1954 inter
420 1896 580 1972 utramque
602 1891 714 1972 Syrtim
740 1889 808 1953 sitis
830 1907 889 1951 una
914 1896 961 1952 ost
982 1887 1113 1954 Bodrta

121 2001 229 2063 'oium
257 1999 359 2080 paullo
386 2005 457 2063 ante
480 1984 585 2081 ‘posita
606 2006 654 2064 est
665 1993 811 2073 ”loxino,
834 1998 937 2079 lscina
952 2000 985 2062 lt.
999 2001 1070 2063 Ant.
1083 2019 1113 2081 p.

121 2109 193 2173 cino
214 2109 285 2171 100⁰.
313 2109 440 2173 iodecm
467 2111 566 2191 copto
587 2110 660 2173 Tali.
678 2110 761 2173 Peut.
780 2109 843 2172 llll.
859 2108 884 2171 E
903 2108 992 2185 (hod.
1013 2082 1117 2190 ludia:
1138 2162 1141 2168 .

121 2225 171 2282 ert.
184 2216 332 2298 Nordosr.
347 2217 488 2299 pato),
513 2219 563 2300 qui
583 2219 686 2296 locus,
711 2218 806 2281 hodie
831 2217 1029 2280 Cloionoclto
1049 2237 1113 2282 sec.

134 2347 152 2392 a
174 2327 405 2391 llacomadibus
427 2328 554 2410 Syrteos
577 2327 666 2391 XXX
682 2329 721 2391 Μ.
738 2312 767 2389 Ρ.
785 2345 850 2391 sec.
866 2327 952 2406 ltin,
982 2326 1116 2392 ·xxx1x

121 2437 159 2500 ih.
172 2438 254 2500 Peut.
270 2437 394 2515 distitit3
420 2438 558 2519 sequitur
580 2437 681 2519 paullo
703 2443 773 2518 post
793 2435 968 2519 Θαγουλίς,
990 2436 1114 2518 Popillia

121 2548 183 2609 ulus
199 2566 224 2611 s.
240 2547 371 2611 Tuccium
383 2554 402 2626 [
405 2545 535 2629 Tapuris
545 2578 578 2605 .-.
594 2547 777 2629 Pomona]
797 2546 947 2610 Insunt.
963 2566 1003 2626 c.,
1030 2546 1113 2610 tla-

121 2657 266 2722 'ab.Peut.
277 2658 341 2725 Vll.
355 2658 378 2722 F
393 2657 443 2738 (P.
455 2657 506 2721 Ali
520 2676 584 2722 sec.
597 2659 681 2740 Lap,
701 2657 783 2739 quod
801 2658 909 2720 nescio
926 2664 1025 2723 utrum
1040 2657 1115 2721 Port

121 2786 182 2831 rum
202 2770 279 2847 pria
293 2767 345 2829 Ali
366 2768 548 2850 significet),
571 2769 621 2849 qui
643 2768 730 2831 locus
752 2766 790 2830 ab
810 2768 884 2831 Aris
899 2766 1115 2833 Philaenorum

121 2879 145 2941 l.
164 2878 193 2940 P.
208 2877 308 2939 occid.
323 2896 433 2941 versus
454 2878 531 2943 aluit
553 2896 618 2941 soc.
632 2878 704 2941 Tab.
718 2877 800 2940 Peut.
816 2877 836 2940 l.
853 2884 985 2959 eatque
1006 2878 1115 2945 LXXV

121 3015 125 3050 l
145 2987 293 3050 Tiniodiri
313 3006 377 3052 sec.
394 2989 428 3052 lt.
441 2990 512 3051 Ant.
527 2988 567 3053 ct.
581 2987 620 3050 ad
633 2989 661 3064 i.
672 2986 701 3051 6.
731 2986 861 3052 Primam
883 2988 987 3068 itaque
1004 2988 1116 3052 Panci-

121 3098 311 3175 cniecturam,
332 3112 430 3179 usque
453 3098 525 3162 dum
546 3097 656 3162 melior
678 3097 843 3183 explicatio
865 3096 970 3161 afferri
990 3097 1113 3180 poterit,

121 3223 202 3270 >curn
226 3227 242 3268 a
263 3224 323 3286 quo
336 3205 489 3271 Boione
509 3207 693 3272 vocabulum
709 3206 923 3272 deducendum
945 3213 1038 3286 essct,
1051 3225 1115 3271 non

121 3317 190 3396 rim,
209 3316 290 3380 haud
309 3317 500 3383 reiciendum
521 3336 593 3383 esse
609 3318 729 3400 opinor.
761 3316 819 3383 sed
833 3315 921 3381 nihili
939 3323 986 3380 est
1001 3297 1114 3383 altera:

121 3426 132 3489 ζ.
143 3428 180 3492 Ν.
191 3429 264 3490 v.5.
278 3433 354 3491 sect.
368 3421 398 3490 5.
411 3428 451 3491 de
463 3427 550 3493 Balbi
571 3427 734 3511 triumpho,
757 3427 790 3489 in
812 3443 874 3508 quo
894 3426 1015 3491 urbium
1033 3447 1114 3511 gen·

121 3556 149 3603 re
166 3537 313 3603 Atramm
336 3538 461 3606 nomina
484 3556 522 3601 ac
538 3537 701 3602 simulacra
726 3537 818 3601 ductu
837 3541 925 3616 sunt,
950 3542 1041 3619 atque
1063 3540 1115 3602 in-

121 3666 156 3712 as
178 3649 268 3712 etiam
291 3647 459 3728 „Balciam
480 3649 564 3713 natio
585 3648 634 3712 vol
659 3647 822 3730 oppidum“
847 3647 980 3726 rettulit;
1002 3648 1060 3711 sed
1080 3650 1113 3714 id

152 3759 192 3822 ad
215 3759 393 3822 interiorem
416 3758 571 3837 Africam,
595 3776 658 3821 uon
685 3757 725 3821 ad
744 3756 961 3838 Tripolitanum
984 3759 1115 3838 provin-

121 3870 270 3955 pertinet.¹
1082 3868 1086 3877 '

121 3981 184 4054 -i.
209 3980 253 4059 8.]
281 3978 487 4042 Mamucensis
517 3994 629 4040 nomen
656 3995 692 4041 se
720 3995 784 4041 non
814 3977 973 4043 iuvenisse
1001 3978 1114 4042 latetur

121 4088 206 4167 olus,
238 4089 371 4169 ideoque
401 4087 522 4153 laudem
545 4106 604 4169 qua
626 4087 703 4152 alias
725 4107 760 4153 se
780 4088 941 4172 indignum
964 4088 1112 4170 exhihuit,

121 4217 161 4279 rr,
186 4199 305 4281 quoda
329 4199 415 4263 salsis
442 4200 623 4264 inanibusve
653 4199 840 4265 coniecturis
863 4219 935 4266 sese
956 4201 1111 4266 abstinuit.

121 4327 167 4373 :ac
197 4310 295 4374 simile
323 4328 436 4375 noman
468 4317 591 4392 praeter
621 4310 803 4377 Cassiotidis
831 4311 939 4394 Syriae
969 4310 1112 4393 oppidum
1174 4310 1177 4428 ᾗ

121 4525 1121 4573 m
