2918 4914
248 600 397 682 Equidem
418 603 449 665 in
472 604 556 666 ltalia
577 605 676 667 Laetos
700 605 796 668 luisse
818 604 917 667 nullos
938 623 1000 668 non
1025 605 1113 684 dico,
1137 605 1192 667 sed
1212 605 1253 667 de
1275 606 1348 668 Lm-

246 713 286 775 tis
309 712 341 774 in
362 713 478 777 ltaliam
501 715 652 778 traductis
672 717 845 796 receptisve
861 717 940 797 apud
954 723 1076 779 veteres
1091 722 1235 779 auctores
1249 717 1348 782 verba

245 823 312 887 lieri
335 842 433 907 nego:
464 825 577 889 Nolitia
609 827 648 889 de
670 827 815 891 Sarmatis
840 827 1010 890 Gentilibus
1041 827 1131 889 etiam
1155 846 1211 908 per
1240 827 1348 891 ltaliae

246 933 323 998 lines
349 936 521 999 constitutis
546 937 638 1000 mulla
660 938 767 1016 refert,
790 937 958 1001 sedLaetos
974 938 1110 1000 nonnisi
1127 937 1252 1001 Gallicis
1269 957 1348 1020 pro-

248 1045 358 1109 vinciis
382 1046 545 1127 adscribit,
578 1054 608 1109 et
632 1048 798 1110 concinunt
828 1047 985 1126 Eumenii,
1020 1047 1146 1125 iuliani,
1171 1048 1287 1109 Zosimi
1317 1055 1348 1112 et

247 1156 409 1219 lornandis
434 1175 525 1238 supra
550 1158 723 1237 transcripti
746 1158 817 1219 loci.
865 1158 945 1222 Sane
968 1175 1006 1221 eo
1031 1156 1112 1239 quod
1131 1157 1215 1235 Laeti,
1237 1163 1271 1218 ut
1294 1158 1348 1219 lu-

247 1265 347 1329 lianus
369 1267 539 1348 expressit,
564 1268 608 1329 cis
628 1269 784 1346 Rhenum,
810 1268 867 1330 io.
885 1269 916 1329 in
939 1267 1062 1348 Galliis,
1086 1267 1167 1330 edita
1191 1266 1348 1329 barbaro-

244 1394 311 1438 rum
333 1376 498 1458 progcnies
521 1376 642 1438 luerunt
675 1383 782 1457 atque,
808 1383 841 1438 ut
869 1378 942 1441 mihi
967 1377 1090 1459 quidem
1111 1376 1254 1455 videtur,
1281 1394 1347 1440 non

245 1485 305 1549 nisi
327 1486 358 1547 in
383 1484 489 1549 Galliis
512 1485 717 1566 habebantur,
742 1487 881 1551 Zosimus
901 1506 939 1550 oc
958 1487 1184 1550 lornandes·in
1203 1504 1346 1550 errorem

243 1590 367 1676 saepius
392 1618 409 1660 a
434 1596 659 1659 recentioribus
680 1597 841 1677 repetitum
865 1596 1049 1674 inciderunt,
1070 1602 1103 1658 ut
1123 1596 1222 1658 Laetos
1248 1595 1348 1659 Galli-

242 1723 311 1769 cum
332 1705 474 1787 populum
497 1706 594 1770 luisse
623 1707 830 1788 opinarentur.
883 1709 981 1770 Laetos
1012 1724 1075 1768 non
1102 1706 1211 1769 'omnes
1243 1707 1347 1788 gentis

243 1835 319 1881 suae
340 1817 474 1895 nomine,
498 1816 553 1880 sed
578 1818 701 1880 etiama
723 1818 904 1901 regionibus
928 1835 1003 1899 quas
1024 1815 1212 1894 incolebant,
1238 1816 1347 1898 appel-

241 1926 320 1991 latos
344 1927 458 2004 luisse,
484 1945 562 2008 quae
584 1927 768 1991 Gotholredi
792 1945 914 2009 quoque
939 1926 1090 1989 sententia
1113 1926 1185 1999 luit,
1214 1946 1254 1989 ox
1278 1927 1346 2007 ipsa

240 2036 353 2102 Nolilia
380 2037 504 2118 probari
527 2055 620 2118 posse
642 2038 778 2100 videlur:
801 2038 840 2101 ad
858 2038 994 2119 priorem
1017 2036 1253 2119 appellationem
1274 2038 1344 2101 Lac-

240 2153 339 2211 torum
364 2154 506 2210 nontam
527 2148 827 2228 Teutonicianorum,
850 2165 978 2228 quorum
1001 2146 1183 2209 vocobulum
1200 2147 1344 2230 singula-

239 2276 304 2320 rem
330 2258 611 2338 interpretationem
635 2276 725 2339 quam
744 2277 801 2321 suo
825 2256 894 2320 loco
918 2274 1135 2338 proponemus,
1161 2256 1344 2320 desiderare

241 2370 372 2447 videtur,
396 2387 485 2451 quam
507 2370 693 2432 Francorum
715 2376 743 2432 et
758 2369 943 2431 Batavorum
961 2366 1111 2430 vocabula
1125 2367 1294 2429 rettulerim
1304 2370 1343 2445 ⁶²,

244 2480 283 2544 de
304 2479 486 2561 posterioris
511 2480 722 2562 appellationis
744 2498 861 2562 genere
884 2480 1066 2558 interpreter
1094 2495 1199 2540 eorum
1223 2477 1275 2558 qui
1301 2497 1341 2540 ex

242 2591 316 2671 ipsis
342 2590 508 2653 Galliarum
530 2590 698 2670 provinciis
728 2589 849 2651 oriundi
874 2595 980 2666 erant,
1005 2588 1024 2648 i.
1039 2606 1066 2649 e.
1087 2587 1342 2669 lingonensium,

240 2703 388 2763 Actorum
410 2701 443 2777 [i.
457 2700 719 2779 e.Acduorum?]‚
741 2700 935 2775 Nerviorum,
957 2697 1234 2774 Nemetocensium‚
1259 2697 1343 2760 Con·

238 2808 483 2894 haginoensium
504 2809 750 2892 Lagensiumque
772 2808 953 2870 nominato:
976 2822 1077 2886 neque
1097 2805 1187 2883 ¹aliter
1210 2805 1343 2869 coniun-

241 2975 283 2984 ιι-
309 2975 498 2983 --—--
514 2974 538 2982 -

238 3075 322 3126 mania
342 3075 425 3141 petita
445 3082 490 3126 aut
512 3075 662 3127 voluntaria
680 3074 833 3127 delectione
852 3073 885 3125 ab
910 3075 967 3140 ipsa
987 3078 1068 3143 genta
1088 3072 1156 3124 adeo
1175 3070 1259 3124 alieni
1277 3073 1344 3124 lacti

241 3179 317 3237 sunt,
337 3179 366 3222 ut
384 3172 443 3224 solo
465 3173 520 3225 illia
540 3180 641 3224 tantum
661 3172 756 3224 relicto
781 3173 872 3223 hostes
893 3172 981 3222 omnia
1001 3185 1092 3222 eorum
1112 3169 1296 3236 possiderent,
1317 3178 1345 3222 ot

238 3270 369 3322 frumenta
382 3277 410 3322 et
428 3285 524 3336 pecora
543 3277 569 3322 at
588 3271 645 3336 ipsa
665 3285 735 3321 arma
755 3286 786 3322 ac
805 3272 980 3331 iuventutem,
1000 3269 1124 3336 ignaviae
1136 3267 1245 3336 („lata“)
1262 3269 1344 3336 igno-
1403 3242 1406 3273 ι

238 3369 319 3419 minio
339 3369 433 3432 notati,
452 3383 503 3419 nac
522 3367 648 3434 amplius,
667 3368 753 3418 inanis
772 3382 833 3423 mox
852 3367 1027 3417 Romanorum
1047 3365 1189 3431 patrocinii
1209 3372 1345 3431 expertes,

241 3465 267 3515 in
288 3464 425 3516 civitatem
445 3465 551 3532 integro
570 3465 664 3530 capitia
683 3464 739 3527 sui,
759 3462 872 3513 tortasse
891 3478 926 3512 ae
944 3461 1073 3512 bonorum
1093 3460 1197 3528 quidem
1218 3462 1276 3511 iuro
1297 3477 1345 3512 re-

240 3561 310 3626 cepti
330 3566 399 3611 runt.
438 3559 471 3610 Et
491 3559 557 3611 hacc
577 3560 645 3626 apud
655 3559 815 3611 Alamannos
835 3557 946 3609 letorum
960 3557 1036 3627 origo
1048 3555 1110 3606 mihi
1129 3555 1235 3606 videtur
1249 3556 1344 3609 fuisse.

238 3673 296 3710 uam
318 3660 362 3725 qui
384 3665 476 3725 postea
496 3658 543 3708 tali
562 3657 669 3708 uomina
688 3657 893 3725 distinguuntur,
914 3656 965 3704 iam
986 3654 1084 3705 civium
1106 3667 1214 3703 nurnero
1235 3653 1345 3720 („baro.

238 3769 286 3806 nes
307 3754 340 3805 de
359 3756 430 3805 mino
449 3753 545 3820 didiae)
565 3753 710 3817 habentur,
729 3760 756 3804 et
775 3755 860 3821 quarti
879 3758 939 3818 post
957 3748 1020 3802 Chr.
1034 3766 1059 3800 n.
1072 3749 1172 3802 saeculi
1191 3749 1244 3800 line
1263 3749 1345 3816 quid·

239 3849 301 3918 quid
320 3856 390 3901 trans
409 3851 528 3902 Rhenum
548 3850 682 3901 Romanae
701 3849 808 3900 ditionis
827 3848 922 3907 luerat,
941 3855 968 3898 et
987 3846 1165 3913 provinciales
1184 3846 1296 3897 Romani
1318 3852 1346 3897 et

240 3944 379 3996 Alemanni
401 3946 499 3997 laeticas
522 3952 603 3996 terras
623 3944 760 4007 colentes,
787 3944 879 3996 eodem
899 3943 1074 4010 proculdubio
1101 3949 1213 4009 uterque
1240 3941 1346 3993 loturus

240 4041 315 4094 civili
330 4044 387 4093 iure
405 4042 548 4110 praeditus,
567 4042 615 4093 slah
636 4041 803 4093 barbarorum
823 4047 954 4107 potestate
973 4039 1072 4092 redacti
1086 4046 1172 4089 sunt“.

340 4140 376 4206 ⁶²)
396 4139 481 4191 Laetos
499 4140 611 4200 Sueuos,
630 4140 652 4188 si
678 4145 751 4189 recta
771 4153 796 4203 p.
810 4138 881 4191 ¹20¹.
892 4151 1017 4188 numeros
1030 4138 1055 4188 3.
1069 4143 1097 4187 et
1114 4137 1153 4186 12.
1166 4134 1345 4198 exhibuimus,
1407 4152 1410 4181 ÷

240 4235 339 4288 Notitiu
368 4252 420 4287 nou
450 4240 584 4285 memorat.
629 4235 756 4286 iratorum
783 4249 847 4285 vero
874 4234 1080 4285 Alamannorum
1107 4239 1135 4283 et
1160 4232 1346 4283 Summarum

242 4336 436 4405 panormam
455 4331 545 4398 paullo
567 4338 629 4383 anta
647 4329 738 4383 delere
759 4331 846 4384 conati
866 4345 964 4383 sumum.
1042 4331 1078 4396 63)
1097 4325 1260 4380 Contrarium
1280 4342 1346 4380 serr-
