2918 4914
298 410 430 481 erm·
456 410 496 473 m
514 381 1071 483 nnstetur-aseensus
1127 386 1241 481 tote*

139 612 260 673 sionem
292 626 414 673 suarum
441 608 517 686 sibi,
539 606 623 669 unde
645 627 680 670 se
711 626 846 690 suosque
875 609 1011 689 alerent,
1036 609 1242 691 acquisivisse

139 720 307 809 affirmem,
329 718 411 801 quod
442 718 473 779 in
501 716 664 781 limitaneis
696 718 841 781 militibus
871 725 977 800 aperte
1001 725 1071 801 post
1095 719 1244 803 Severurq

139 828 350 896 Alexandrum
374 828 570 895 observatum
595 835 641 897 est
656 830 691 888 ⁷⁶.
727 835 817 917 etque
838 835 871 891 ut
901 829 1009 893 horum
1037 848 1150 916 ,agros
1175 846 1244 915 cum

140 938 301 1021 paludibus
326 937 470 1018 omnique
495 939 571 1018 iure,
594 956 671 1018 quos
692 957 731 1001 ex
752 939 853 1019 prisce
869 938 1073 1026 dispositione
1095 936 1245 1003 limitanei

140 1049 251 1117 milites
275 1049 312 1112 ab
336 1048 420 1111 omni
442 1066 569 1115 munere
590 1065 707 1112 vacuos
732 1048 790 1129 ipsi
808 1066 917 1112 curare
936 1066 993 1131 pro
1014 1065 1071 1121 suo
1094 1065 1245 1133 compen-

142 1158 194 1221 dio
218 1165 308 1241 atque
330 1178 420 1223 arare
445 1165 700 1236 consueverant“,
721 1159 807 1239 ,sine
829 1158 890 1222 ullo
915 1176 1042 1240 prorsus
1069 1158 1245 1221 collationis

142 1273 259 1332 onere“
272 1267 435 1333 voluerunt
457 1269 612 1351 assignari
630 1269 832 1350 imperatores
844 1273 880 1346 ⁷⁷,
905 1269 946 1333 ita
963 1269 1045 1333 idem
1064 1269 1139 1331 iuris
1153 1268 1246 1333 etiam

141 1377 232 1441 Laetis
255 1378 441 1458 competisse
465 1396 532 1439 cum
556 1377 682 1459 Sybelio
699 1380 725 1419 ⁷⁸
748 1377 942 1441 statuendum
966 1396 1036 1441 esse
1058 1377 1132 1441 milri
1154 1375 1247 1441 vide-

143 1493 201 1569 tur.
244 1487 336 1553 Letis
361 1492 460 1551 autern
484 1505 537 1550 eas
567 1494 665 1551 terras
695 1486 870 1571 relinquere
899 1487 970 1550 inve
1000 1487 1110 1568 alienis
1142 1485 1246 1553 lundis

144 1596 327 1663 delitescere
351 1597 475 1661 minime
497 1596 627 1663 liberum
648 1596 756 1678 luisse,
780 1596 836 1665 sed
858 1596 970 1679 glebae
992 1596 1177 1677 adscriptam
1198 1594 1250 1659 vi·
1326 1622 1329 1629 ·

144 1713 222 1785 tum,
247 1706 307 1771 nisi
333 1706 384 1768 ubi
412 1706 562 1773 bellorum
583 1707 769 1771 necessitate
795 1712 1018 1785 avocarentur,
1044 1723 1100 1769 eos
1131 1705 1249 1786 egisse,

147 1817 323 1881 constitutio
346 1834 438 1898 supra
468 1817 597 1899 repetite
623 1823 719 1893 [num.
738 1817 791 1896 Χ.]
807 1821 916 1881 contre
940 1814 1069 1895 Zumptii
1086 1819 1112 1859 ²⁹
1140 1814 1251 1879 eonie-

146 1933 263 1991 cturem
292 1933 397 2009 aperte
427 1926 569 1993 dooet⁸⁰.
615 1926 717 2008 itaque
740 1925 779 1988 de
802 1925 891 1991 Laetis
919 1927 1126 1991 Rornanorum
1149 1941 1250 2009 neque
1349 1958 1356 1982 t

144 2065 438 2075 mm--u-—a

249 2137 282 2205 ⁷⁶)
303 2135 344 2188 Cf.
353 2154 421 2206 qnae
432 2144 494 2188 note
504 2137 548 2191 67.
556 2136 627 2189 dicta
645 2143 706 2189 sunt
718 2152 776 2189 cum
786 2137 917 2205 lamprid.
925 2138 952 2187 in
961 2135 1038 2189 Alex.
1047 2136 1109 2188 Ser.
1118 2136 1161 2189 58.
1173 2133 1251 2202 ,sols

148 2249 217 2301 quae
237 2231 269 2284 de
290 2233 411 2285 hostibus
440 2241 516 2302 copta
537 2240 612 2297 sunt,
637 2233 780 2289 limitaneis
800 2233 911 2285 ducibus
931 2240 958 2285 et
985 2232 1113 2284 militibus
1132 2232 1250 2297 donavit,

151 2336 288 2381 uteorum
308 2331 343 2381 ite
363 2338 452 2381 essent
470 2332 492 2381 si
513 2328 625 2382 heredes
645 2329 749 2382 illorum
770 2330 923 2394 militarent,
943 2346 993 2381 nee
1010 2344 1125 2397 unquam
1140 2328 1172 2381 ad
1192 2329 1251 2397 pri-

148 2435 224 2477 vstos
245 2427 417 2494 pertinerent,
438 2426 546 2490 dicens,
564 2428 691 2478 attentius
712 2441 758 2479 eos
782 2425 956 2491 militaturos,
981 2426 1003 2476 si
1026 2429 1104 2477 etiam
1125 2441 1172 2478 sua
1189 2441 1251 2479 rure

148 2521 331 2574 defenderent.
369 2522 477 2575 Addidit
495 2538 559 2576 seue
578 2524 665 2575 biset
684 2524 809 2575 animalia
830 2530 857 2574 et
874 2537 976 2587 seruos,
989 2531 1018 2574 ut
1037 2531 1147 2590 possent
1160 2521 1251 2576 colere

147 2618 219 2686 quod
235 2627 395 2686 acceperuut
402 2659 410 2685 ,
430 2635 465 2671 na
484 2635 532 2687 per
551 2621 668 2688 inopiam
686 2619 821 2671 bominum
843 2619 888 2672 uel
913 2635 961 2688 per
978 2626 1144 2672 senectutem
1162 2622 1252 2687 possi-

149 2715 266 2777 dentium
286 2716 473 2771 desererentur
490 2732 550 2771 rnra
569 2719 659 2773 victua
676 2717 823 2782 barbariae,
845 2715 917 2785 quod
937 2717 1116 2783 turpissimum
1135 2715 1183 2770 ille
1201 2716 1254 2771 du.

149 2812 252 2889 esbat“.
272 2812 329 2865 vid.
341 2816 419 2867 etiem
434 2814 540 2881 Vopise.
555 2813 752 2887 Pros.1p...rq.
839 2819 875 2884 77)
894 2812 960 2865 Nov.
970 2813 1101 2881 Theodoq.
1115 2813 1146 2867 ll.
1159 2815 1200 2865 tit.
1208 2814 1252 2881 24.

148 2908 182 2961 de
195 2909 295 2961 ambitu
308 2919 334 2963 et
354 2910 421 2962 loeis
441 2911 584 2964 limitaneis
604 2911 670 2963 inibi
684 2910 865 2976 redhibendis‚
885 2911 931 2980 (al.
944 2911 1022 2964 XXX.
1042 2911 1253 2977 llsenel.p.102.

147 3021 214 3073 sqq,
233 3005 276 3057 lus
296 3008 349 3058 civ.
367 3009 491 3060 anteinst.
509 3007 597 3058 Berol.
611 3024 637 3075 p.
650 3009 728 3060 1273.
739 3011 809 3077 sqq.)
826 3023 859 3058 ex
884 3009 959 3059 cuius
979 3008 1005 3071 §.
1016 3007 1041 3059 4.
1055 3007 1193 3073 desumpta
1213 3013 1255 3059 est

148 3101 177 3153 l.
186 3102 211 3154 3.
224 3102 287 3154 lust.
299 3102 328 3155 C.
339 3103 371 3155 de
385 3103 473 3155 fundis
485 3103 680 3171 limitroph.Xl.
691 3105 800 3177 59(ob).
906 3108 940 3169 ⁷⁸)
954 3119 979 3171 p.
989 3105 1032 3159 tt.
1119 3107 1153 3175 79)
1174 3104 1251 3171 pot.

148 3199 223 3263 „Nur
243 3203 301 3252 eine
319 3201 528 3270 Beselrsinlrunp
547 3204 582 3253 im
599 3202 702 3253 Besitse
721 3202 763 3254 des
783 3201 900 3266 dundee,
919 3201 966 3252 des
986 3203 1023 3253 eie
1043 3201 1176 3266 dedentes,
1197 3215 1255 3252 rear

149 3296 260 3365 mdqlieb
278 3299 332 3348 esd
349 3297 501 3349 netrtrliclr:
520 3298 580 3351 dese
599 3314 662 3350 mas
679 3298 760 3350 ilinen
779 3298 944 3351 Mndereien
965 3313 1017 3349 nor
1035 3306 1112 3350 enter
1130 3298 1177 3349 der
1196 3299 1254 3349 es.

150 3392 264 3462 dispusp
282 3394 336 3445 und
354 3411 405 3446 ser
422 3397 468 3462 [sir
485 3396 526 3447 die
546 3396 604 3447 Zeit
623 3395 681 3464 pub,
701 3412 740 3447 seo
757 3397 795 3446 sie
811 3395 869 3447 iltre
880 3395 988 3447 Diserte
1008 3394 1156 3463 erfsillten‘t
1178 3392 1256 3457 Quod

150 3489 371 3542 biscontrarium
391 3491 618 3559 supradiximus,
643 3490 812 3543 confirmatur
833 3492 912 3542 etiem
934 3491 1043 3551 lionorii
1064 3499 1091 3544 et
1109 3490 1254 3543 Theodosii

149 3585 211 3639 te.
220 3586 265 3638 tu.
280 3587 308 3638 O.
319 3586 352 3639 de
364 3589 442 3640 terris
454 3587 597 3639 limitaneis
605 3586 660 3638 llll.
677 3589 717 3640 ib.
728 3594 773 3656 (=
784 3586 812 3638 L.
821 3590 847 3639 2.
856 3586 952 3640 lusti).
963 3588 996 3640 sle
1008 3587 1099 3647 lundis
1109 3586 1255 3654 limitropb.

150 3682 194 3735 lll.
206 3684 240 3736 59
249 3684 332 3755 [60].)
345 3684 535 3751 Asclepiodoto
546 3683 584 3735 Pl.
595 3684 621 3736 P.
633 3684 721 3738 aete.
732 3685 807 3735 data:
818 3685 996 3753 „Quicunque
1012 3683 1181 3745 castellorum
1194 3684 1256 3743 loee

149 3795 310 3849 quocunque
328 3781 404 3832 titulo
422 3781 567 3849 possident,
590 3782 684 3833 cedant
702 3798 733 3833 ac
752 3782 885 3845 deserant,
906 3785 969 3850 quia
988 3782 1020 3834 ab
1035 3782 1077 3834 bis
1095 3790 1196 3834 tanturn
1215 3781 1256 3835 les

150 3885 191 3929 est
210 3878 340 3944 possideri
359 3878 527 3945 custellorum
554 3880 687 3930 territoria
706 3879 802 3947 quibus
823 3879 953 3946 adscripta
978 3887 1086 3935 suntet
1107 3879 1257 3948 dequibus

151 3975 280 4028 iudicavit
298 3977 449 4043 antiquitas.
488 3975 581 4044 quodsi
602 3975 712 4028 ulterius
731 3976 775 4028 vel
797 3978 918 4052 priuatae
940 3977 1105 4030 condicionis
1124 3978 1256 4045 quispiam

150 4073 177 4124 in
197 4073 237 4123 his
258 4072 341 4136 locis,
363 4073 406 4124 vel
428 4088 480 4125 non
499 4074 661 4126 castellanus
681 4074 759 4127 miles
777 4074 859 4125 luerit
883 4074 1034 4126 detentator
1054 4077 1189 4140 inventus,
1209 4090 1258 4127 es-

151 4169 226 4236 pitsli
245 4171 377 4221 sententie
397 4185 455 4220 eum
482 4169 609 4222 bonorum
633 4169 816 4237 publicatione
841 4171 1003 4237 plectaturt‘.
1126 4175 1160 4242 ³⁰)
1180 4169 1258 4234 Quod

151 4266 204 4319 duo
224 4267 490 4336 resumpsisse,
514 4267 627 4320 alterum
651 4267 782 4332 militare,
807 4268 919 4321 alterum
938 4273 1120 4337 rusticanum,
1146 4282 1258 4337 quorum

151 4364 218 4418 illud
238 4381 297 4417 eum
307 4364 450 4433 praelectis
466 4365 522 4416 suis
541 4365 589 4416 sub
609 4364 784 4432 dispositione
797 4365 915 4437 dlsgistri
928 4367 984 4420 mil.
994 4383 1105 4435 praesa
1119 4373 1193 4434 perte
1207 4379 1258 4431 pe-

1029 4576 1271 4588 -·---·—..-.....

1272 4508 1335 4633 »l
