2918 4914
107 234 1346 296 Μξ--ξ--ε-ἪΞ-εωιειδ

107 318 112 358 k
328 398 558 451 our-rurensis
574 404 613 451 no
635 403 702 452 ruo.
721 375 821 449 rw.
837 380 1043 464 diffindit.
1057 402 1112 476 sq.
1180 380 1269 450 923*

171 603 377 683 tropolitanus
400 602 538 684 Appieby
563 605 600 667 ud
624 603 740 666 itunani
764 601 881 681 (Edon)
904 602 932 664 u.
945 602 1021 665 situs
1042 598 1099 678 (oi.
1112 598 1232 664 Hassei.
1241 617 1270 680 p.

168 710 263 793 308.)
280 721 369 777 vetus
385 710 539 775 Abatiaba
560 715 608 777 sit.
633 716 672 776 ci.
684 713 1058 794 Conid.·Gibson.p.807.
1081 711 1180 774 Nimio
1194 725 1270 773 vero

168 823 313 887 distantia
339 824 428 887 huius
453 824 513 887 loci
537 842 554 887 a
576 823 657 888 vallo
678 831 741 903 est,
762 842 852 904 quain
876 823 928 904 qui
952 840 1024 903 „per
1044 821 1156 885 lineam
1179 818 1271 882 voiii“

169 950 240 997 esse
274 934 336 996 dici
366 935 473 1016 possit.
527 935 686 997 tiorsleius
714 940 801 997 vetus
830 933 919 995 huius
952 932 1014 994 loci
1040 946 1152 994 nomen
1174 929 1271 992 Goto-

168 1058 237 1103 cam
259 1043 356 1107 tuisse
374 1045 510 1125 putavit:
536 1047 575 1108 ci.
590 1046 669 1126 adp.
683 1048 768 1107 115&
782 1045 864 1120 iti.
877 1061 923 1125 sq.
952 1040 1129 1106 Mannertus
1152 1059 1182 1122 p.
1200 1039 1269 1103 118.

168 1152 259 1214 situm
299 1153 419 1217 definiri
452 1173 516 1217 non
549 1172 643 1235 posse
675 1156 816 1235 opinatus
847 1160 912 1236 est,
947 1152 1089 1234 quonism
1121 1149 1200 1215 Valli
1238 1148 1270 1211 in

169 1262 218 1325 his
240 1264 423 1346 regionibus
453 1282 550 1347 usque
575 1266 613 1328 od
647 1266 801 1329 civitatem
832 1262 962 1327 Cadisto
992 1261 1094 1325 nutloe
1122 1259 1272 1341 reliquiae

168 1380 376 1453 superessent.
422 1376 538 1439 Locum
561 1376 627 1438 fere
650 1375 781 1438 medium
805 1374 901 1437 tuisse
923 1373 1003 1436 inter
1024 1357 1226 1434 canusina
1242 1373 1273 1432 et

169 1482 312 1562 deridete,
325 1484 355 1545 in
367 1484 476 1548 dextro
492 1485 596 1548 itunae
608 1486 674 1565 ripa
687 1486 777 1547 situm
792 1484 882 1547 etiam
892 1480 1075 1546 Cheimersii
1087 1481 1149 1543 tab.
1160 1496 1270 1563 geogr.

169 1592 302 1657 indicat:
326 1611 422 1676 prope
438 1594 582 1683 Linstocii
602 1592 969 1674 ctCrorby-upoioia'don
992 1588 1271 1672 [of.Csrnd.-Gibs.

169 1704 300 1784 post.)
323 1703 397 1767 mihi
418 1705 629 1785 quaerendus,
646 1724 716 1768 esse
742 1705 872 1768 videtur.
918 1703 1072 1766 Gortonus
1097 1697 1271 1782 „Appteoye

168 1809 266 1892 inquit
291 1811 335 1893 „is
363 1813 520 1891 supposed
542 1813 580 1894 by
601 1832 685 1875 some
715 1813 905 1892 antiquarios
933 1817 962 1873 io
990 1826 1107 1888 occupy
1141 1808 1189 1870 tic
1210 1808 1269 1871 site

167 1919 206 1999 os
215 1919 264 1982 tta
277 1919 396 1984 Itonion
416 1924 540 1997 station,
563 1922 718 1985 Anabatta
730 1923 830 2002 [sic]“.
875 1923 949 1985 ltern
965 1916 1136 1999 „ia'astocir7
1158 1923 1268 1997 coantp

166 2027 380 2094 Cambertand.
427 2026 452 2093 ‘A
475 2032 628 2111 townsidp
651 2034 682 2094 in
703 2031 751 2092 tite
769 2029 881 2111 parisii
903 2029 940 2109 af
957 2027 1116 2105 Stanaoia,
1138 2025 1272 2088 Eridaie

165 2139 266 2203 ward.
290 2140 372 2204 Herc
388 2160 455 2205 roas
477 2144 628 2224 ancicntip
649 2163 669 2206 a
691 2143 796 2220 casile,
811 2141 859 2201 tice
875 2157 990 2218 square
1011 2140 1114 2199 tawcr'
1126 2139 1160 2218 ot
1172 2137 1271 2200 which
1337 2166 1339 2171 ·

165 2245 275 2311 tesan
295 2250 491 2331 remaminpffi

252 2394 293 2407 -
314 2360 360 2435 ii.
375 2361 425 2424 20.
447 2370 507 2440 sip]
532 2358 698 2440 Lerporam
723 2372 795 2439 (pro
818 2356 1000 2438 Linpooam)
1025 2370 1132 2418 oanis.
1159 2356 1271 2420 cian-

167 2473 233 2529 not.
248 2470 286 2531 ad
301 2470 542 2552 §.diproxinie
566 2470 768 2550 superiorem.
794 2506 832 2516 -
855 2470 1052 2548 Conpaaotae
1073 2470 1146 2537 ιζ’).
1178 2466 1270 2530 Ganr-

166 2574 266 2640 denus
286 2577 472 2660 p.456.„A‹t
496 2578 630 2640 Coudorn
657 2576 809 2655 [Mondou.
827 2576 953 2655 „canda
968 2577 1081 2653 riam,
1102 2574 1268 2658 Busching.

162 2688 277 2775 pisid.
291 2688 358 2765 „die
379 2686 511 2766 Caadc‘ss
535 2688 655 2750 Hossei.
674 2704 702 2768 p.
717 2687 790 2748 312.
805 2687 877 2765 „der
899 2685 1045 2767 Catden“]
1070 2690 1193 2766 praeter
1214 2703 1271 2748 ae-

162 2798 208 2858 ris
237 2796 362 2860 fodinas
396 2797 434 2859 ad
460 2796 638 2858 Caadcbectc
668 2803 698 2860 et
729 2798 872 2879 exiguum
901 2795 1101 2859 Carliolensis
1132 2793 1270 2875 episcopi

163 2910 310 2982 castrum,
330 2904 382 2967 the
405 2902 613 2966 Rosa-Coctia
635 2904 759 2983 (lictum,
783 2904 964 2985 Conponata
985 2905 1075 2967 etiarn
1100 2903 1196 2969 fuisse
1219 2905 1269 2966 vi-

163 3011 269 3090 detur.
283 3061 289 3074 .
304 3061 310 3074 .
326 3014 506 3093 Conponata
526 3014 605 3076 enirn
629 3013 718 3075 vallis
742 3013 778 3075 ad
803 3013 956 3075 Gaaatam
977 3031 1065 3094 quom
1087 3013 1118 3075 in
1133 3012 1269 3077 dandam

160 3136 245 3183 nunc
261 3126 490 3199 contruxerunt,
515 3120 671 3183 Britannis
694 3119 859 3204 significat.
903 3121 963 3184 Sed
984 3121 1073 3185 huius
1094 3122 1195 3186 tocurn
1218 3122 1269 3185 di-

162 3230 229 3313 gito
252 3230 421 3311 designarc
435 3231 570 3293 nondum
592 3232 705 3311 potuis.
730 3231 769 3293 ci.
784 3230 997 3294 Cornd.-Gibs.
1010 3251 1038 3314 p.
1047 3230 1119 3297 833.
1142 3234 1266 3297 Rectius

160 3341 265 3422 punito
294 3340 361 3423 pius
392 3356 501 3406 vorsus
531 3343 772 3422 septentrionem
805 3343 835 3403 in
863 3342 936 3405 hod.
960 3342 1134 3423 sinodica,
1157 3350 1265 3407 contro

159 3448 301 3530 cartura,
324 3460 412 3515 vetus
435 3452 644 3535 Luguvallum,
669 3452 706 3514 ad
727 3453 865 3516 dextrum
883 3453 988 3517 itunae
1010 3455 1107 3536 ripam
1131 3455 1190 3518 sita
1211 3472 1266 3519 re-
1332 3462 1335 3495 ³

146 3560 327 3637 contiones,
349 3565 419 3640 post
432 3559 607 3622 iiorsteiurn
631 3565 713 3639 puto,
740 3560 812 3622 iliud
839 3562 996 3624 castellum
1017 3565 1125 3644 quaeri
1146 3564 1271 3644 voluat,-

159 3675 190 3733 et
212 3671 252 3732 ito
276 3670 366 3732 etiarn
391 3668 567 3732 Gartonus:
590 3667 757 3748 „Stanwiaa
780 3670 1023 3752 aestumandis,
1048 3679 1158 3755 coaniy
1170 3673 1264 3738 Carn-

158 3776 295 3840 bcrtand.
331 3776 488 3856 Aparioii
514 3777 577 3839 and
598 3777 765 3856 towicsiiip,
790 3780 896 3861 partly
923 3780 953 3841 in
979 3780 1183 3847 Crinibertand
1201 3785 1265 3848 aod

153 3889 261 3968 purity
278 3889 310 3948 ia
331 3886 466 3950 Eridate
486 3887 601 3967 words,
619 3888 794 3968 pleasanttp
816 3889 950 3953 situated
967 3898 1000 3953 at
1022 3893 1070 3955 the
1093 3894 1183 3956 narii·
1204 3895 1264 3958 end

155 3998 195 4079 of
211 3999 260 4060 tice
288 3997 456 4059 inndsome
477 3996 582 4077 brtdpe
608 3996 705 4058 atton
729 4017 850 4060 crosses
882 3999 930 4062 tire
959 4001 1046 4063 riaer
1070 4002 1177 4080 Edon,
1200 4005 1263 4068 aad

154 4116 298 4172 connects
323 4107 372 4168 tic
391 4109 502 4190 aidape
528 4108 600 4170 icitia
621 4107 669 4169 the
693 4109 752 4188 city
780 4109 818 4191 os
832 4108 978 4174 Cariiaie.
992 4161 1016 4175 ..
1050 4112 1110 4177 Tira
1137 4114 1259 4191 chureii,

142 4220 254 4284 tetricis
273 4219 301 4281 is
314 4220 476 4282 dedicated
495 4227 523 4282 to
538 4222 579 4283 Si.
595 4220 735 4300 diciaci,
755 4221 783 4283 is
805 4240 846 4284 an
869 4222 991 4287 ancient
1011 4224 1125 4306 edificc,
1147 4225 1258 4287 situat-

142 4332 192 4396 ·ιό
212 4350 252 4394 aa
274 4331 323 4394 tta
344 4332 402 4393 site
424 4330 462 4412 of
479 4332 527 4393 iiie
550 4334 729 4413 i'onpaaora
750 4333 787 4413 of
804 4333 853 4396 tite
875 4333 1039 4399 demand.
