2918 4914
89 213 1295 275 ..ψ-Μῶν

304 398 373 449 car.
387 398 439 452 ιι.
456 397 497 447 no
521 368 591 446 ruo.
605 375 703 448 rid.
715 387 760 463 lp.
772 381 832 450 23.
848 371 908 448 ab.
923 395 1080 446 neuris.
1137 371 1250 451 1045*

143 617 213 664 rum
237 599 439 663 condiciones
462 600 542 663 inter
563 617 598 662 se
622 566 768 678 distinxit,
784 603 870 661 recte
893 599 982 677 iecit3
1004 598 1073 661 illos
1088 614 1164 660 vcro
1180 595 1253 659 foe-

145 710 270 774 deratos
297 709 394 773 tuisse
417 710 537 788 statuit,
568 727 644 790 quos
670 715 770 773 tamen
802 715 833 772 et
861 729 880 772 a
904 709 994 772 letis
1023 714 1053 772 et
1082 727 1101 772 a
1130 705 1251 770 colonis

145 820 382 904 distinguendos
413 837 484 883 esso
515 826 601 882 recte
622 819 762 901 Sybelius
793 819 888 881 vidit:
917 818 1058 899 equidem
1087 818 1186 880 Laetos
1219 816 1252 879 iu

147 930 254 994 Galliis
279 949 335 1012 pro
359 929 528 994 foederatis
557 930 704 1009 internis,
735 930 761 993 si
791 930 942 993 vocabulo
971 928 1063 992 venia
1095 928 1202 1007 datur,
1233 945 1252 991 a

146 1040 292 1106 Romanis
328 1040 449 1104 habitos
481 1059 552 1105 esse
579 1040 695 1103 rectius
724 1046 796 1121 puto
828 1039 907 1115 dici3
940 1056 1010 1103 nam
1037 1039 1151 1102 vetoris
1175 1037 1251 1103 iuria

145 1150 260 1233 publici
282 1151 335 1213 uix
357 1151 520 1229 voeabula,
543 1156 628 1213 certe
650 1169 712 1212 non
727 1151 774 1214 vis
796 1157 887 1232 atque
909 1155 1045 1231 potestas
1066 1155 1136 1230 post
1152 1149 1253 1213 intro-

147 1261 255 1324 ductas
279 1281 296 1325 a
310 1260 505 1326 Diocletiano
519 1260 782 1342 Constantinoque
796 1260 827 1323 in
849 1261 1019 1342 republica
1035 1259 1252 1325 constituenda

144 1371 371 1435 immutationes
395 1372 610 1447 obtinuerunt;
631 1373 698 1434 veri
722 1373 874 1434 foederati
896 1372 999 1453 populi
1014 1372 1109 1452 ipsius
1131 1369 1251 1451 imperii

143 1485 231 1549 Rom.
242 1484 422 1565 provincias
441 1501 505 1546 non
528 1482 683 1546 incolunt:
708 1502 789 1562 narn,
811 1490 844 1546 ut
863 1502 932 1545 cum
956 1482 1084 1545 Proculo
1108 1482 1250 1561 (L.7.pr.

143 1593 180 1656 D.
196 1591 235 1656 de
250 1593 379 1675 captivis
389 1592 494 1656 xllx.
509 1594 576 1672 15.)
592 1592 764 1673 loquamur,
787 1609 869 1672 ,non
883 1593 989 1656 dubito
1012 1593 1085 1674 quin
1099 1591 1252 1656 foederati

146 1709 177 1766 et
198 1702 290 1766 liberi
313 1703 403 1766 nobis
428 1703 548 1766 externi
571 1703 649 1780 sint,
673 1721 736 1763 non
762 1704 842 1765 inter
865 1721 922 1766 nos
945 1710 1036 1783 atque
1059 1720 1114 1766 eos
1139 1701 1252 1783 postli-

145 1812 270 1875 minium
296 1831 384 1891 essc;
408 1813 673 1875 ...liberantem
695 1812 824 1892 populus
846 1819 893 1876 est
913 1814 939 1877 is
964 1814 1015 1894 qui
1038 1811 1149 1873 nullius
1172 1811 1253 1874 alte-

142 1924 208 1988 rius
227 1922 332 2004 populi
353 1923 497 2005 potestati
513 1929 560 1986 est
579 1921 747 2001 subiectus,
763 1921 830 1985 sive
850 1921 877 1983 is
900 1921 1079 1985 foederatus
1094 1925 1158 1997 est,
1179 1920 1252 1983 item

143 2033 213 2099 sive
227 2050 327 2113 aequo
342 2032 471 2096 loedere
494 2032 526 2092 in
548 2031 714 2095 amicitiam
735 2031 830 2110 venit,
853 2031 920 2093 siue
940 2031 1069 2094 loedere
1086 2047 1252 2111 comprae-

143 2144 273 2209 hensum
298 2149 345 2204 est
369 2148 401 2205 ut
429 2144 456 2204 is
479 2142 608 2223 populus
630 2141 756 2205 alterius
778 2141 882 2222 populi
908 2141 1099 2205 maiestatem
1123 2141 1252 2205 comiter

145 2258 357 2315 conservaret.
389 2251 449 2313 troo
474 2253 555 2314 enim
584 2251 733 2329 adicitur,
756 2257 789 2312 ut
820 2248 1015 2331 intellegatur
1043 2249 1170 2313 alterum
1193 2268 1253 2331 po·

143 2361 247 2444 pulum
270 2362 461 2443 superiorem
485 2379 573 2440 esse,
598 2380 661 2424 non
684 2367 717 2422 ut
748 2359 945 2443 intellegatur
973 2361 1099 2424 alterum
1122 2360 1252 2424 liberum

142 2488 206 2534 non
229 2477 364 2534 esse..“:
386 2471 483 2535 veteri
506 2476 605 2534 autem
627 2471 684 2533 iuri
706 2470 830 2550 publico
854 2469 1116 2533 llumeiusmodl
1140 2470 1252 2534 condi-

145 2580 194 2643 cio
219 2580 388 2661 hominum,
411 2579 509 2663 qualis
532 2585 640 2662 postea
665 2579 846 2642 colonorum
869 2598 906 2642 ac
922 2581 1081 2645 Lautorum
1090 2580 1171 2643 lacta
1194 2586 1252 2661 est,

141 2683 233 2774 plane
245 2692 352 2773 ignota
365 2691 437 2768 luit;
460 2692 563 2772 itaque
576 2709 676 2772 neque
696 2690 828 2753 adhaec
844 2695 983 2773 tempora
995 2710 1033 2753 ea
1047 2708 1125 2771 quae
1141 2690 1252 2755 Plinius

141 2800 257 2882 aliique
291 2801 331 2863 de
361 2799 486 2865 Gallicis
510 2799 630 2880 populis
654 2805 715 2863 tum
738 2799 846 2862 liberis
880 2806 941 2862 tum
962 2800 1133 2865 foederatis
1153 2807 1254 2865 rettu-

140 2911 255 2988 lerunt,
277 2910 427 2973 trahenda
449 2916 529 2972 sunt.
573 2909 614 2971 At
636 2909 668 2971 in
690 2928 729 2973 eo
750 2927 813 2972 non
836 2910 911 2973 satis
933 2911 1064 2992 perfecit
1086 2910 1252 2992 Zumptius,

90 3099 93 3105 Ι
142 3019 227 3101 quod
249 3024 345 3083 totam
363 3025 426 3082 tum
448 3020 628 3082 colonorum
647 3019 771 3099 proprie
795 3020 835 3081 ita
853 3018 1085 3098 appellatorum,
1109 3025 1171 3082 turn
1183 3021 1253 3083 Le-

139 3134 243 3191 torum
270 3127 505 3206 condicionem,
529 3146 569 3190 ne
594 3128 694 3190 dicam
720 3128 759 3190 de
783 3128 973 3205 Gentilibus,
1005 3129 1052 3191 sic
1074 3128 1250 3210 descripsit,

141 3237 230 3319 (prasi
253 3239 284 3300 in
307 3237 383 3318 ipsis
414 3237 543 3317 imperio
565 3238 704 3301 Romano
730 3236 867 3300 subactis
895 3237 1100 3319 regionibus,
1123 3239 1155 3301 in
1180 3239 1250 3320 qui-

140 3345 198 3410 bus
223 3346 391 3425 sedebant,
418 3346 541 3409 inventa
571 3345 680 3408 luisset
709 3351 799 3427 atque
823 3346 965 3425 exculta,
993 3364 1094 3427 neque
1125 3348 1249 3412 radices

140 3472 214 3520 suas
238 3456 269 3519 in
299 3456 374 3536 ipsis
403 3455 605 3519 barbarorum
634 3454 724 3518 terris
748 3455 947 3536 moribusque
969 3454 1128 3519 habuisset
1137 3478 1147 3535 ;
1167 3456 1251 3521 unde

141 3566 236 3630 etiam
258 3565 372 3629 lactum
395 3572 459 3645 est,
482 3571 515 3629 ut
545 3584 608 3628 non
632 3571 841 3648 cognosceret
861 3566 961 3629 Laetos
986 3582 1094 3627 omnes
1118 3565 1249 3633 colonos

140 3676 258 3755 luisse,
281 3675 422 3756 wamiis
444 3676 577 3740 maxima
599 3675 781 3739 colonorum
811 3693 883 3755 pars
911 3675 985 3739 Laeti
1008 3692 1072 3738 nou
1101 3676 1248 3745 luissent:

139 3785 270 3867 primurn
286 3787 368 3848 enim
384 3786 568 3849 cuiusmodi
587 3787 740 3849 Laetorum
761 3802 860 3867 genus
875 3785 969 3863 domi,
993 3785 1152 3851 cuiusnam
1168 3806 1250 3851 con·

140 3895 274 3958 dicionis
297 3897 396 3959 Laetus
417 3895 450 3956 in
474 3896 549 3976 ipsis
572 3896 794 3960 Germanorum
817 3895 927 3958 linibus
952 3896 1069 3975 suisset,
1094 3915 1249 3978 quaeren-

141 4005 212 4069 dum
235 4023 306 4069 esse
324 4005 467 4083 videtur3
488 4005 602 4068 deinde
623 4005 663 4068 de
677 3991 942 4069 vicissitudinibus
966 4024 1042 4087 quas
1063 4006 1094 4068 in
1116 4008 1248 4088 provin-

141 4114 213 4179 ciali
234 4115 443 4178 llomanorunr
463 4114 562 4177 solum
584 4115 786 4197 transpositus
808 4116 1011 4196 experiretur,
1035 4116 1244 4197 dispiciamus.

138 4225 217 4290 Nam
238 4230 271 4286 ut
292 4222 546 4305 Bucclluriorum,
571 4225 623 4307 qui
639 4224 796 4287 Galaticae
815 4244 839 4287 s.
853 4226 988 4289 Celticae
1009 4231 1039 4289 et
1062 4227 1120 4309 ipsi
1144 4228 1246 4311 origi-

139 4337 189 4400 nis
212 4335 353 4415 tuerunt,
384 4335 509 4417 proprie
531 4334 694 4414 condicio,
719 4353 809 4417 quam
832 4336 986 4420 Zumptius
1006 4338 1170 4422 ignorasse
1194 4340 1244 4402 vi-
