2918 4914
95 260 295 324 η,

346 429 550 494 cummuni.
565 444 607 494 un
623 446 692 494 eno.
710 424 811 496 100&
831 431 877 508 tt.
892 423 928 496 6.
942 430 976 497 7.
987 442 1043 522 sq.
1156 431 1175 498 7
1180 406 1248 497 51⁴

143 640 204 704 hoo
219 641 377 705 castellum
392 644 478 724 quasi
497 644 652 708 conditum
676 645 784 709 suisset
807 646 839 707 in
862 645 987 709 sinistra
1001 644 1078 709 Oeai
1089 643 1180 725 (Ina)
1195 650 1248 708 aut

143 752 248 815 lavavi
274 750 401 832 (Solae)
423 755 453 816 fl.
469 755 537 837 ripa
559 763 646 835 (uam
670 756 816 819 Iuvavum
836 756 868 818 in
890 756 1062 820 Danubium
1081 762 1246 819 exeuntem

112 861 294 941 ,exhibetp
318 864 497 927 collocavit:
523 865 668 928 Boiorum
692 865 799 929 civitas
821 871 871 945 (ut
895 864 1051 948 inlepide
1074 880 1165 947 supra
1190 865 1209 927 i.
1222 865 1245 929 f.

142 976 206 1033 not.
222 972 260 1035 ad
275 990 303 1053 p.
315 973 435 1051 99ῐῆ
448 975 573 1038 19...14.
588 975 771 1057 transcripto
784 981 930 1056 vocatur]
944 976 1000 1039 tuit
1014 975 1157 1039 hodierni
1166 972 1247 1037 Poe-

144 1098 220 1161 aaa,
245 1082 428 1148 Batavorum
453 1084 558 1167 oppidi
579 1086 636 1162 (ei.
654 1086 691 1149 ad
705 1104 733 1166 p.
747 1088 832 1151 tote
846 1087 890 1163 tp.
905 1088 950 1150 18.
963 1095 1044 1167 sep),
1069 1086 1247 1149 suburbium
1274 1115 1277 1122 ·

142 1190 293 1267 maetam,
314 1211 419 1275 eaque,
437 1195 476 1257 ab
505 1196 585 1273 hoo,
609 1194 822 1274 Batavodnro‚
847 1197 934 1260 Oeno
960 1195 1053 1258 fluvio
1075 1200 1245 1277 separatur.

141 1300 303 1383 Praecipui
327 1287 366 1366 de
393 1304 453 1366 hoo
479 1304 607 1367 castello
630 1304 774 1386 Eugippii
797 1306 827 1367 in
851 1306 904 1368 vit.
923 1322 948 1368 s.
966 1303 1105 1370 Severini
1128 1305 1159 1367 hi
1184 1304 1246 1368 duo

139 1412 203 1476 loci
225 1419 312 1476 sunt:
336 1432 404 1496 cap.
415 1414 578 1478 vidndi).
592 1414 839 1496 (apitiuohars.
853 1416 980 1493 ΧΧΙΙΙ.)
996 1415 1167 1496 „Basilicae
1188 1433 1248 1478 ex-

134 1529 187 1586 ·tra
210 1541 315 1587 muros
338 1524 443 1605 oppidi
465 1525 604 1587 Batavini
627 1524 802 1607 [Posaau],
828 1527 858 1589 in
887 1526 958 1588 loeo
988 1526 1112 1589 nomine
1138 1524 1246 1590 Bon’tro

140 1632 284 1710 [Boiotro
303 1636 389 1714 Lau]
406 1641 491 1699 trans
513 1634 632 1699 Oenum
648 1636 770 1699 ssuvium
789 1635 992 1699 constitutae.
1005 1643 1042 1698 .“.
1066 1655 1093 1698 o.
1103 1630 1141 1699 X.
1155 1633 1254 1697 nan·

140 1743 258 1820 (tinch.
270 1762 296 1807 s.
312 1743 456 1822 XXXII.)
474 1745 526 1826 „ln
548 1744 619 1807 loco
642 1743 749 1808 Boitre
774 1739 911 1823 [Poiotro
932 1745 1087 1824 Muciam,
1111 1743 1248 1807 Barotro
1273 1792 1279 1799 .

141 1853 267 1932 sunus,
292 1852 413 1916 Bototto
428 1853 482 1935 at]
503 1856 644 1936 superius
665 1861 853 1919 memorato.
866 1862 893 1915 .“
927 1856 995 1918 Non
1023 1840 1248 1934 praetereunda

139 1980 214 2027 esse
232 1963 378 2026 videntur
387 1964 471 2028 Lazii
486 1966 618 2043 (comm.
630 1966 676 2029 rei
686 1984 716 2046 p.
726 1966 813 2030 Rom.
827 1962 892 2028 xit.
903 1966 933 2042 7,
946 1968 990 2042 1.)
1000 1963 1111 2027 verba:
1132 1964 1247 2046 „Tnans

140 2075 262 2139 Oenum
283 2092 415 2155 namque
438 2076 540 2156 portio
564 2082 610 2138 est
634 2073 826 2139 excurrentis
849 2074 964 2156 oppidi,
990 2073 1071 2155 quod
1093 2073 1246 2158 gentilitio

139 2184 288 2248 idiomate
310 2183 341 2247 S.
359 2185 489 2248 severia
514 2185 554 2247 im
578 2184 706 2248 Boiotro
731 2192 861 2249 vocant:
888 2191 920 2247 et
946 2202 1053 2267 agrum
1076 2184 1247 2265 proximum

139 2312 250 2358 versus
274 2294 485 2377 salisburgum
507 2301 672 2373 extentum,
696 2294 738 2356 im
760 2290 963 2374 Boitenpaw“.
1000 2295 1140 2358 Ceterum
1164 2294 1264 2357 hune‘

138 2421 255 2489 pagum
276 2424 325 2468 me
342 2405 450 2488 legere
468 2422 531 2467 uon
551 2405 684 2467 memini.
729 2404 752 2467 li
776 2406 898 2486 quoque
920 2404 971 2485 qui
983 2404 1170 2467 Boiodurum
1184 2403 1247 2466 ho-

141 2514 282 2578 diernum
305 2513 428 2577 Possoee
450 2531 520 2578 esse
549 2514 740 2595 interpretati
771 2520 862 2594 sunt,
891 2520 924 2576 ut
948 2514 1112 2594 Simiam,
1135 2513 1246 2577 Lanius

141 2630 234 2706 atque
250 2624 468 2706 Hormayrius‚
494 2625 647 2689 diversam
670 2624 708 2687 ab
731 2624 770 2687 iis
794 2624 844 2706 qui
867 2624 1006 2688 exactius
1029 2622 1248 2687 lnnstodt'in-

139 2739 366 2816 terpretantur,
399 2735 581 2818 sententiam
604 2735 709 2799 dicere
738 2734 917 2811 noluerunt3
940 2734 1117 2799 Mennertus
1132 2734 1198 2814 (itt.
1215 2752 1245 2816 p.

141 2822 215 2910 623.
227 2855 291 2926 sq.)
311 2849 411 2908 autem
432 2842 619 2923 Boiodurum
646 2846 684 2907 ab
714 2846 802 2909 initio
825 2845 869 2908 ibi
890 2836 980 2909 situm
1010 2845 1105 2909 tuisse
1129 2850 1246 2924 censet,

140 2955 193 3018 uhi
214 2972 298 3017 nuno
318 2954 457 3030 Possunt,
478 2954 590 3019 deinde
612 2973 629 3016 a
653 2956 782 3018 cohorte
805 2956 989 3019 Batavorum
1019 2955 1080 3018 hoo
1102 2950 1256 3037 oppidum'

141 3062 321 3128 Batavinum
345 3064 456 3127 dictum
480 3071 510 3128 et
532 3065 680 3128 Boioduri
703 3083 816 3129 nomen
839 3064 870 3126 in
892 3063 1029 3128 dextram
1049 3064 1126 3128 Oeni
1147 3065 1245 3145 ripam

143 3174 322 3238 translatum
346 3192 433 3252 esse;
457 3192 546 3254 quam
568 3175 751 3239 sententiam
775 3175 963 3258 argutiorem
980 3193 1069 3256 quam
1088 3173 1246 3237 veriorem

143 3300 213 3348 esse
240 3301 366 3349 censeo.
418 3285 496 3347 Fusa
528 3283 566 3347 de
596 3284 752 3349 Boioduro
776 3285 953 3366 Castrisque
975 3278 1099 3346 Batavis
1129 3285 1193 3367 egit
1212 3283 1244 3345 F.

143 3393 295 3458 iintzerus
320 3394 351 3456 in
374 3394 620 3474 ephemeridibus
648 3394 828 3473 litterariis,
850 3412 925 3476 quas
955 3410 1035 3455 nunc
1067 3393 1106 3456 ad
1138 3407 1245 3455 manus

143 3521 204 3571 non
227 3504 339 3583 habea,
359 3502 607 3585 Verdoadtanpen
618 3503 671 3565 des
683 3503 789 3567 histor.
805 3502 928 3565 Vereins
941 3504 994 3582 seir
1004 3501 1245 3584 Niederboyern‚

144 3612 164 3685 t
183 3614 362 3678 Landishut.
383 3634 410 3677 a.
428 3613 517 3678 1846.
539 3616 569 3677 in
591 3615 633 3678 8⁰.
645 3613 753 3677 editar.
771 3632 800 3694 p.
814 3612 942 3677 37...64.
969 3614 1007 3676 ct.
1021 3612 1244 3677 etiamcluver.

144 3723 233 3787 Vind.
247 3729 278 3786 et
286 3725 360 3788 Nor.
371 3744 397 3786 c.
407 3727 437 3787 5,
449 3743 476 3805 p.
488 3725 549 3804 24,
573 3725 682 3788 Cellar.
693 3726 714 3788 1.
727 3742 756 3805 p.
767 3724 839 3789 430.
851 3733 879 3801 §.
890 3722 954 3802 tu,
967 3721 1118 3788 Wersebe
1127 3725 1243 3807 pm,

144 3832 273 3917 Georgii
290 3834 325 3896 ΙΙ.
338 3853 367 3915 ρ.
379 3833 462 3913 939„
484 3834 544 3896 iao.
559 3835 683 3897 Grimm.
699 3833 805 3896 Gessit.
819 3835 847 3896 d.
857 3834 885 3896 d.
897 3834 967 3914 Spr.
977 3852 1005 3917 p.
1016 3835 1088 3898 585.
1102 3840 1165 3897 not.
1177 3837 1209 3896 *.

227 3982 269 3995 -
288 3945 316 4020 i.
341 3946 403 4024 ta]
428 3943 596 4006 Austurum
618 3961 671 4024 au,
695 3943 841 4007 Austoris
863 3945 959 4009 ceteri
982 3960 1089 4007 onata.
1121 3944 1245 4007 Asturis

142 4055 236 4120 habet
255 4055 384 4137 Eugipp.
398 4055 451 4116 vit.
468 4073 493 4117 s.
504 4054 655 4134 Severini,
679 4072 757 4119 unus
779 4056 830 4137 qui
852 4058 1078 4136 praetentione
1101 4057 1245 4122 Notitiam

141 4166 200 4229 hoc
224 4166 382 4230 castellum
405 4172 562 4229 memorat.
590 4185 655 4246 cap.
678 4169 703 4229 1.
723 4185 804 4228 num.
823 4168 851 4229 7.
866 4168 1060 4245 (Bollandist.
1079 4170 1101 4232 1.
1113 4187 1143 4249 p.
1159 4167 1243 4245 486„

95 4286 103 4355 'p
140 4275 241 4342 Mueh.
258 4282 334 4342 sect.
350 4277 390 4357 Ι.)
410 4322 436 4355 „.
454 4277 674 4341 .s.Severinus
697 4276 736 4340 do
758 4277 895 4357 partibus
918 4280 1053 4343 Orientis
1074 4278 1244 4341 adveniens

95 4418 99 4507 γ
140 4389 172 4454 in
193 4389 306 4453 ricinis
322 4387 429 4453 Norici
450 4387 590 4469 Ripensis
604 4393 634 4450 et
643 4388 870 4456 Pannoniorum
887 4390 1034 4472 partibus,
1057 4384 1245 4471 quodAstu-

95 4588 1263 4644 w-
926 4580 930 4586 '
1261 4527 1332 4645 ’,ἡ
1410 4548 1421 4566 ’
