2918 4914
275 465 342 515 err.
356 464 435 515 xxv.
457 463 498 512 no
523 462 592 512 rra.
607 440 685 514 81⁴³.
701 443 793 527 ἣὸ.
807 462 862 540 oq.
1024 443 1114 520 575*

121 667 221 748 rtupa's,
242 665 366 731 llicard.
380 665 484 729 Corin.
497 666 520 729 l.
534 664 564 744 b,
582 667 611 728 5.
627 663 791 747 ltlrutapio]
812 665 932 748 Anglis,
955 672 1033 733 teste
1056 667 1115 730 Be.

121 777 330 857 Beptacester,
355 774 425 838 aliis
440 774 625 855 ltrrptimotlr,
649 774 779 838 llllredo
792 774 1116 840 BcverlacensiBr‘cb-

144 885 240 949 bodie
265 883 459 948 ltr’cbborow.
503 884 591 948 Unde
612 884 673 947 boe
695 890 816 948 enatum
845 903 958 949 nornen
979 885 1012 947 in
1036 903 1116 948 con-

126 1001 269 1060 nonest.
301 1001 502 1059 veruntamen
532 1013 600 1058 cum
629 1014 647 1059 a
678 993 786 1058 sabulo
815 994 885 1059 loon
912 995 984 1058 huie
1011 995 1115 1059 vicina

121 1105 180 1168 ried
195 1112 226 1169 et
239 1104 395 1185 Sondibrrp
409 1104 654 1183 denominentur,
676 1109 707 1167 et
716 1102 923 1185 Bbpd-Tofitb
938 1104 1117 1168 Britannica

121 1214 314 1280 *sabulosum
337 1221 437 1294 sonet,
456 1214 529 1277 inde
545 1216 572 1277 si
591 1214 748 1293 auderem,
771 1213 902 1278 libenter
918 1213 1115 1278 deducerem.
1190 1286 1194 1295 ,

123 1331 193 1390 ectu
216 1324 304 1389 collis
324 1325 398 1388 urbs
424 1330 607 1407 exporrecta
627 1324 799 1389 videbatur.
832 1324 898 1389 Arx
910 1324 1033 1388 editiori
1044 1323 1116 1389 loco

121 1454 141 1498 o
163 1435 351 1514 imminebat,
372 1436 423 1516 qui
447 1436 489 1498 ita
511 1435 570 1499 iam
593 1435 696 1498 arenis
718 1435 850 1498 invectis
872 1434 1061 1513 excluditur,
1083 1439 1118 1497 ut

121 1547 179 1608 lari
200 1545 254 1608 vix
275 1565 344 1609 cam
367 1544 485 1610 salutet.
538 1546 646 1629 Longe
667 1544 868 1609 celeberrima
891 1544 947 1608 luit
970 1543 1118 1608 Romanis

136 1655 336 1737 potientibus.
381 1654 459 1717 llinc
482 1652 672 1717 eBritannia
690 1654 723 1716 in
746 1654 954 1717 continentem
971 1655 1118 1735 frequens
1207 1689 1209 1695 .
1261 1666 1268 1673 ·

121 1782 179 1844 us,
203 1764 241 1827 ad
264 1765 345 1827 banc
365 1764 522 1828 Romanae
551 1762 669 1827 classes
696 1763 890 1845 appulerunt,
913 1763 1078 1845 Lupicinus
1100 1781 1119 1825 a

121 1875 195 1938 intio
224 1875 257 1937 in
278 1874 467 1938 Britanniam
496 1872 536 1936 ad
559 1872 751 1937 coercendas
778 1873 941 1938 Scotomm
964 1881 994 1938 et
1015 1874 1120 1936 Picto-

121 1989 304 2051 xcursiones
326 1986 437 2049 missus
457 1982 601 2063 Herulus,
625 1984 757 2047 Batavos
781 1989 812 2046 et
831 1984 1039 2047 Moesicorum
1057 2000 1120 2045 nu-

139 2096 193 2159 bic
221 2097 372 2178 exposuit.
416 2094 598 2158 'lbeodorus
621 2094 713 2156 etlam
734 2086 903 2156 Theodosii
924 2093 1007 2176 Aug.
1019 2097 1119 2174 pater,

121 2211 204 2269 ttnas
232 2211 362 2268 testante
384 2203 569 2286 Symmacho
593 2207 752 2282 equestres
781 2203 821 2265 ob
846 2201 1037 2265 Britanniam
1064 2219 1121 2281 pa-

140 2315 314 2379 senatorius
345 2314 423 2376 ordo
447 2312 604 2392 decrevit,
631 2328 700 2374 cum
728 2312 793 2375 suis
819 2311 990 2397 Hercullis‚
1012 2311 1119 2391 loviis,

121 2422 210 2504 llus,
239 2423 416 2487 bidentibus
444 2423 493 2501 (bi
519 2423 728 2486 Rornanorum
758 2428 846 2485 erant
869 2421 1037 2502 cobortes)
1061 2421 1122 2484 buo

121 2550 138 2623 r·
155 2539 214 2597 est.
261 2535 369 2598 Postea
393 2552 461 2596 cum
476 2533 616 2597 Saxones
638 2533 757 2614 piratae
773 2531 901 2597 sublatis
923 2531 1122 2596 commerciis

123 2644 210 2708 bello
232 2644 482 2725 intercluderent,
508 2651 539 2708 et
562 2644 653 2707 litora
676 2650 783 2707 nostra
806 2644 925 2707 crebris
946 2643 1122 2707 latrociniis

121 2760 215 2833 uent,
241 2755 337 2836 Legio
365 2754 508 2819 Secunda
529 2756 688 2840 Augusta,
712 2770 792 2835 quae
816 2771 834 2816 a
859 2754 989 2819 Claudio
1016 2755 1123 2836 impe

121 2865 182 2928 mia
212 2863 353 2928 traducta
379 2864 527 2945 plurimos
561 2882 659 2929 annos
690 2866 777 2928 lscae
799 2864 931 2929 Silurum
955 2866 988 2928 in
1009 2863 1122 2927 Wallia
1238 2943 1241 2948 .

121 2973 219 3052 ierat,
247 2973 307 3036 buo
329 2973 498 3054 translata,
520 2974 791 3057 Praepositumque
822 2992 910 3039 suum
940 2975 992 3038 bio
1016 2972 1123 3036 babuit

121 3082 249 3147 ambit.
264 3083 335 3147 Sax.
382 3083 476 3156 Quam
499 3085 744 3165 praeposituram
768 3085 903 3149 sortasse
925 3085 1026 3169 gessit
1050 3084 1125 3149 Cle-

130 3192 183 3256 ille
202 3192 371 3268 Maximus,
396 3194 445 3273 qni
477 3194 509 3255 in
538 3192 695 3257 Britannia
726 3213 743 3256 a
775 3194 922 3258 militibus
954 3196 1125 3274 lmperator

121 3307 164 3365 tus
190 3302 367 3366 Gratianum
390 3303 546 3366 interiecit
567 3308 598 3367 et
618 3308 725 3384 postea
749 3304 913 3384 Aquileiae
936 3324 954 3368 a
976 3301 1126 3367 'l'bcodo-

121 3412 224 3475 reims.
279 3412 367 3476 llunc
396 3413 477 3477 enim
498 3413 654 3476 Ausonius
676 3413 878 3494 Rbutupinum
909 3414 1064 3480 latronem
1093 3412 1125 3474 in

121 3520 181 3585 ulis
205 3521 245 3584 de
263 3522 407 3604 Aquileia
424 3522 510 3585 dixit.
525 3568 553 3584 ..
575 3521 678 3586 Alium
691 3521 782 3586 etiam
796 3522 1014 3605 libutupiarnm
1028 3540 1127 3608 prae-

121 3673 320 3685 *—

136 3746 287 3801 Bedallist.
300 3749 321 3800 l.
335 3751 359 3801 1.
375 3751 421 3819 [ex
432 3748 521 3821 Oros]
540 3747 736 3814 ,Britannia...
749 3748 829 3803 lrabet
846 3766 862 3804 a
881 3751 992 3805 meridie
1011 3752 1129 3808 Galliam
1246 3766 1249 3770 ⁴

121 3859 177 3910 aur,
204 3845 279 3898 cuius
298 3847 445 3912 proximum
464 3845 528 3898 litus
546 3846 769 3898 transmeantibus
796 3855 906 3916 apparet
926 3851 1033 3918 civitas,
1055 3864 1132 3922 quae

137 3943 235 3995 Rutuli
249 3952 350 4012 portus,
370 3948 414 4013 qul
433 3950 525 4011 portus
544 3960 560 3995 a
579 3951 659 4013 gente
672 3943 820 4014 Angloruur
837 3962 908 3999 nunc
925 3957 1049 4018 corrupte
1067 3948 1131 4005 lle·
1155 3956 1158 3961 ·

121 4039 144 4089 ir
164 4040 376 4111 [Baptacaostar]
395 4047 507 4105 vocata,
527 4041 685 4109 interposito
705 4043 770 4094 mari
793 4058 809 4096 a
830 4043 985 4098 demoniaco
1005 4048 1132 4100 llorimo-

121 4137 185 4186 entis
215 4135 294 4189 litore
316 4135 473 4211 [Boaloqne]
500 4139 620 4205 proximo
647 4140 761 4192 traiectu
784 4139 848 4207 tlt,
862 4143 943 4207 siue,
969 4150 998 4194 ut
1017 4144 1129 4212 quidam·
1244 4138 1247 4145 ’

121 4246 164 4296 re,
186 4233 328 4285 stadiorum
348 4231 439 4285 CBL.“
475 4233 506 4285 lt.
517 4236 578 4286 Ant.
589 4235 675 4288 marit.
687 4236 785 4305 p.496.
797 4236 892 4290 habet:
911 4236 967 4304 ,be
979 4238 1081 4292 Galliis.
1100 4240 1125 4290 Α

121 4326 314 4382 bersoniacenei
334 4328 367 4381 ad
387 4338 491 4398 portum
512 4332 649 4400 ltitupium
668 4333 753 4387 stadia
772 4331 905 4402 GCCGL“,
924 4350 1004 4405 quam
1022 4335 1124 4388 distan-

121 4423 217 4477 llirnrat
234 4426 348 4494 Lapieus
368 4443 460 4482 veram
478 4445 547 4483 esra.

121 4624 1143 4666 Q
