2918 4914
193 225 1423 278 QQQ)

274 366 1377 443 1152*ann.mnor.occcar.ru...xcm.orraorircrarurcroms.

267 602 496 683 provinciarum
519 598 723 680 accipiebant.
769 597 988 660 Constantinus
1000 599 1039 660 Α.
1053 597 1195 681 Cyndino
1207 598 1238 662 Ρ.
1248 600 1375 676 ΜΗ.

269 711 301 775 C.
317 712 355 775 de
373 704 464 774 eursu
478 728 506 792 p.
517 709 582 773 llll.
597 711 665 787 51.)
674 699 871 788 ‘respublica‘
885 708 982 787 inquit
991 704 1197 788 ‘praesidibus
1218 727 1376 792 annonas,

268 829 298 886 et
317 823 461 886 alimenta
483 838 590 884 eorum
619 819 786 900 pecoribus
811 818 1038 898 subministrat,
1064 820 1146 901 qaod
1168 825 1257 886 retus
1279 823 1375 887 insti-

266 941 361 998 tutum
384 934 457 997 suit:
482 952 521 996 ex
548 931 619 1016 lege
642 930 723 993 enim
751 929 825 992 Iulia
856 929 1036 1010 provinciae
1058 929 1300 997 Proconsulibus
1323 938 1375 998 aul

264 1044 460 1108 Praetoribus
484 1042 598 1120 senum,
620 1040 715 1123 ligna,
736 1038 854 1118 lectos,
879 1039 1097 1121 supellectilem
1122 1047 1153 1104 et
1177 1047 1293 1107 lesbum
1316 1042 1374 1109 da-

265 1157 347 1220 bant.
372 1155 482 1218 Cicero
502 1154 557 1232 (ad
570 1153 631 1214 Att.
641 1154 676 1214 V.
689 1151 738 1216 13.
753 1152 800 1214 tc.
812 1151 852 1214 cl.
866 1146 1016 1230 10.)‘lios
1034 1150 1110 1215 alsia
1133 1154 1256 1234 accepit
1274 1155 1374 1218 mira·

263 1265 381 1344 biliter‚
407 1265 556 1327 adventus
578 1268 684 1324 noster
707 1261 821 1324 nemini
845 1278 886 1322 ne
911 1261 1036 1324 minimo
1059 1261 1182 1342 quidem
1204 1262 1262 1326 luit
1285 1281 1373 1329 sum·

263 1373 346 1457 ptui'.
369 1372 460 1437 ‘scito
489 1388 553 1434 non
582 1371 675 1434 modo
704 1389 762 1433 nos
791 1371 892 1433 lenum
924 1377 976 1434 aut
998 1371 1079 1452 quod
1104 1371 1176 1455 lege
1204 1372 1283 1438 lulia
1305 1373 1373 1439 dari

263 1484 351 1562 solet,
376 1501 438 1544 non
461 1482 614 1562 accipere,
639 1481 696 1544 sed
721 1499 763 1543 ne
788 1479 871 1562 ligna
893 1481 1025 1562 quidem,
1047 1499 1106 1544 nec
1128 1488 1253 1562 praeter
1278 1489 1370 1567 qual·

263 1598 334 1656 tuor
356 1591 454 1656 lectos
477 1597 508 1653 et
531 1595 642 1653 tectum
670 1591 849 1670 quiequam:
873 1589 974 1652 multis
996 1588 1075 1651 locis
1099 1607 1139 1653 nc
1163 1596 1278 1655 tectum
1301 1592 1371 1674 pui-

262 1702 349 1780 dem,
378 1708 408 1763 et
433 1701 466 1762 in
489 1699 688 1762 tabernaculo
712 1699 891 1779 plerumque
923 1695 1067 1761 manere‘.
1111 1699 1196 1762 llaec
1221 1700 1295 1780 ille,
1319 1701 1370 1782 qui

260 1805 417 1894 signifieat
437 1809 633 1892 magistratus
655 1808 685 1871 in
709 1808 823 1871 itinere
843 1808 900 1871 sub
923 1808 1062 1871 tentoriis
1081 1815 1267 1890 pernoctare
1292 1809 1370 1875 soli·

260 1927 319 1985 tos.
345 1922 393 1984 Ex
407 1920 529 2001 publico
551 1920 642 1981 etiam
664 1919 712 1982 bis
729 1924 888 2002 argentum
912 1918 1052 1981 dabatur.
1076 1919 1185 1982 Cicero
1200 1920 1367 1999 (iamet

137 2071 140 2076 ν
260 2031 309 2107 [ll.
320 2056 363 2095 ιν.
375 2049 400 2091 e.
414 2031 442 2091 5.
456 2037 486 2105 ς.
501 2027 546 2109 9.]
566 2029 597 2089 in
610 2027 718 2106 Verr.)
735 2025 906 2093 ‘Neminem
931 2027 1106 2103 [Hominem
1124 2027 1174 2108 ιη’
1191 2023 1367 2111 inquit‘pui

259 2157 327 2202 eum
349 2145 500 2219 potestate
522 2144 575 2201 aut
597 2144 651 2215 [ex
670 2146 710 2220 rs]
733 2138 891 2220 legatione
913 2138 945 2198 in
968 2139 1159 2218 provinciam
1182 2144 1268 2202 esset
1292 2156 1368 2221 pro·

258 2250 358 2312 fectus
373 2249 582 2329 [prolecturus
602 2259 655 2331 etp,
675 2254 736 2314 tam
759 2253 910 2311 amentem
930 2247 999 2310 loro
1020 2253 1212 2332 putaverunt,
1233 2255 1267 2312 ut
1281 2268 1369 2315 eme

258 2364 306 2422 ret
328 2365 506 2442 argentum:
531 2359 660 2422 dabatur
689 2359 770 2422 enim
795 2357 833 2421 de
857 2365 911 2435 [ex
929 2366 969 2439 n]
994 2356 1135 2438 publico'.
1167 2363 1198 2421 cl
1219 2356 1295 2423 alibi
1318 2358 1368 2436 (lt

259 2469 289 2531 7.
301 2474 359 2531 aet.
373 2468 423 2545 [ll.
433 2493 463 2531 v.
478 2487 504 2530 c.
517 2468 568 2533 32.
584 2477 613 2545 §.
622 2466 707 2548 83])
717 2461 786 2530 ‘Ubi
809 2467 905 2530 ternis
926 2466 1062 2530 denariis
1081 2467 1274 2531 aestimabam
1297 2469 1367 2533 lm·

258 2579 419 2640 meritum?
442 2578 494 2639 ubi
517 2577 737 2641 tabernacula?
758 2577 810 2639 ubi
833 2576 931 2639 muli?
958 2575 1010 2638 ubi
1035 2582 1081 2639 tot
1102 2580 1245 2658 tantaque
1269 2594 1368 2647 orua-

145 2700 149 2706 ’
259 2693 361 2750 menta
385 2688 613 2769 magistratibus
635 2694 666 2750 et
686 2688 800 2772 legatis
820 2706 838 2750 a
860 2692 969 2751 senatu
988 2687 1163 2768 populoque
1184 2689 1276 2752 Rom.
1290 2707 1367 2771 per.

255 2797 350 2859 missa
371 2803 401 2859 et
426 2794 533 2858 datai‘
551 2798 654 2860 Livius
677 2814 800 2878 quoque
813 2798 888 2873 (Lll.
902 2815 945 2877 pr.
954 2797 1056 2874 [Xbll.
1070 2801 1130 2879 1.])
1146 2795 1368 2882 ‘Magistratus’

253 2907 369 2988 inquit,
395 2911 543 2969 exeuntes
559 2905 660 2969 ‘mulis
683 2907 952 2988 tabernaculisque
974 2913 1005 2969 et
1027 2907 1108 2969 omni
1132 2907 1223 2986 [alio]
1245 2908 1366 2974 instru-

254 3023 357 3080 mento
381 3015 532 3096 [militari]
561 3016 799 3080 instruebantur¹
821 3013 1042 3095 summantur,
1065 3017 1198 3098 nequid
1221 3017 1283 3082 lale
1303 3019 1365 3083 in-

252 3132 399 3210 perarent
420 3125 535 3188 sociis’.
548 3125 640 3207 Lim}
673 3126 723 3190 Ad
746 3144 802 3189 eos
823 3127 964 3208 hospites
984 3145 1059 3190 vero
1082 3128 1289 3207 divertebant,
1311 3130 1363 3210 qni

254 3244 284 3302 et
306 3239 423 3302 Romae
447 3236 525 3316 apud
548 3236 632 3317 ipsos
654 3236 792 3318 privatos
813 3236 1058 3318 hospitabantur,
1078 3238 1184 3301 socios
1204 3255 1362 3320 nunquam

253 3346 435 3411 onerabant.
465 3346 498 3408 ld
522 3352 552 3409 et
571 3346 750 3410 Plutarchus
774 3346 822 3421 (in
838 3346 877 3410 bl.
895 3345 1028 3421 Catone)
1051 3346 1220 3411 confirmat.
1250 3348 1361 3432 Legati

253 3461 356 3520 tamen
374 3456 400 3518 si
422 3461 551 3535 repente
572 3456 674 3538 aliquo
698 3456 902 3534 mitterentur,
925 3455 1048 3541 singula
1071 3456 1204 3519 iumenta
1226 3475 1283 3537 per
1301 3476 1361 3540 op-

250 3566 343 3647 pida,
370 3583 428 3646 qua
451 3567 511 3628 iter
533 3567 708 3633 iaciendum
731 3573 813 3643 erat,
844 3566 1051 3646 imperabant,
1085 3567 1169 3631 aliud
1193 3583 1273 3632 onus
1295 3584 1360 3633 oon

250 3674 462 3755 iniungebant.
508 3675 585 3736 Hinc
610 3674 692 3739 dicta
714 3682 761 3739 est
783 3676 930 3757 supellex,
954 3677 1024 3758 quia
1047 3678 1180 3757 pecunia
1201 3695 1219 3740 a
1242 3695 1280 3740 rc
1301 3695 1360 3762 pu-

249 3783 331 3844 bliea
355 3783 447 3846 alicui
478 3784 625 3863 dabatur,
649 3787 701 3866 qui
725 3804 780 3849 suo
804 3793 924 3868 sumptu
947 3788 1117 3851 instrueret
1136 3786 1280 3872 legatos,
1301 3789 1359 3855 sub

250 3892 381 3974 pellibus
394 3912 450 3956 seu
464 3895 605 3957 tentoriis
620 3895 821 3959 habitaturos.
838 3898 888 3972 (b.
900 3898 972 3960 ab.
983 3898 1023 3960 de
1035 3896 1142 3979 supell.
1152 3897 1358 3982 regnunt.

253 4006 321 4078 10.)
339 4002 451 4065 Verum
472 4005 503 4066 L.
528 4005 699 4068 Postumius
714 4006 844 4069 Albinus
870 4007 978 4070 consul
1001 4026 1028 4069 a.
1041 4008 1080 4071 ab
1094 4025 1125 4070 u.
1139 4027 1167 4071 c.
1179 4008 1359 4074 efflue·-

249 4110 379 4175 nestinis
401 4112 495 4173 iratus
519 4113 651 4176 iumenta
668 4122 698 4178 et
714 4114 815 4178 locum
837 4117 875 4179 ad
892 4133 980 4198 quem
996 4117 1171 4197 diverteret,
1194 4135 1266 4181 eum
1287 4117 1358 4182 illac
1396 4154 1405 4169 ·

248 4223 404 4297 transiret,
418 4224 578 4303 imperavit
592 4225 668 4300 [Liv.
680 4226 699 4288 l.
711 4236 763 4303 el.
781 4228 937 4312 Augustus
951 4244 1026 4290 vero
1042 4228 1358 4312 magistratibuspro-

248 4334 418 4397 vinclorum
442 4351 499 4413 pro
521 4334 703 4415 supellectili
725 4354 761 4400 ac
784 4338 897 4401 ceteris
917 4338 1105 4402 necessariis
1119 4344 1237 4403 certam
1255 4354 1357 4423 pecn-

173 4455 1417 4601 'emm--a-——ffl-..l
