2918 4914
63 212 200 330 «Γ

218 360 308 433 728*
322 380 437 430 annun
446 380 518 430 nor.
529 380 598 430 occ.
607 380 1306 435 unumunurnammonae-rnomaurrma

214 585 387 647 annotavit:
409 585 579 668 „Tribunus
601 586 702 670 gentis
723 587 1020 664 Marcomannorum,
1044 603 1121 667 quos
1144 605 1227 651 uuna
1243 588 1309 652 Mo-

213 694 317 758 ravios
340 693 470 773 vocant,
497 695 553 757 sub
577 695 686 758 eodem
707 694 793 757 Duce
815 693 968 758 merebat:
999 694 1056 757 sed
1087 695 1176 759 deest
1197 714 1307 761 nomen

212 802 273 866 loci
295 803 346 866 ubi
369 803 525 875 residebat
533 827 541 882 ;
560 804 642 866 unde
664 803 777 884 aliquid
799 803 972 866 desiderari
996 810 1125 886 oportet.
1171 805 1308 871 Hioi'ri·

211 913 308 977 banus
333 914 426 977 etiam
448 915 487 977 ab
510 914 577 979 aliis
600 921 646 977 est
671 915 837 976 seiunctus.
883 914 1055 995 Sequuntur
1077 916 1159 977 enim
1182 915 1308 980 Praete-

212 1023 251 1085 cti
273 1023 429 1105 legionum
453 1030 483 1087 et
506 1010 665 1102 classium,
695 1024 804 1105 qrribus
833 1023 884 1086 alii
904 1023 1028 1085 Tribuni
1058 1029 1088 1086 et
1116 1024 1238 1105 equites
1259 1026 1308 1088 in-

210 1133 443 1211 termiscentur,
467 1141 558 1213 prout
579 1135 610 1195 in
633 1133 798 1211 limitibus,
818 1141 851 1195 ut
872 1140 961 1214 puto,
985 1133 1218 1214 reperiebantur
1242 1135 1307 1198 dis-

208 1241 328 1323 positi“.
372 1243 489 1305 Nomen
510 1242 572 1305 looi
594 1243 750 1306 excidisse
779 1243 853 1306 mihi
881 1261 1003 1324 quaque
1032 1261 1214 1323 persuasum
1242 1251 1305 1323 est;

209 1369 279 1413 nam
300 1351 381 1415 inira
403 1369 432 1432 p.
454 1352 537 1415 103*.
556 1354 602 1429 ii.
617 1353 646 1416 3.
662 1372 708 1434 sq.
728 1360 758 1416 et
779 1352 988 1434 p.121*.‚ubi
1008 1352 1122 1434 singuli
1143 1353 1306 1417 Gentilium

208 1461 332 1525 tribuni
348 1462 559 1544 Praefectique
581 1463 737 1542 sederent,
764 1469 908 1527 accurate
925 1463 1125 1544 significatur.
1157 1469 1187 1526 et
1205 1470 1304 1544 putem

125 1618 129 1627 .
206 1589 318 1636 nomen
343 1570 547 1635 Vindomanae
571 1574 629 1637 hoc
654 1591 775 1654 quoque
798 1573 868 1636 loco
888 1572 1098 1655 reponendum
1120 1591 1200 1637 esse.
1224 1574 1305 1669 quod

207 1682 294 1762 quasi
316 1700 352 1745 re
381 1701 454 1746 vera
478 1683 552 1745 iilud
575 1701 686 1747 nomon
719 1683 779 1746 hoo
808 1683 879 1746 loco
903 1683 1082 1766 legeretur,
1109 1684 1199 1747 etiam
1223 1684 1305 1748 Hor-

206 1792 353 1874 mayrium
381 1792 499 1870 (Wien.
520 1793 543 1855 l.
560 1792 588 1855 3.
606 1792 695 1872 p.9.)
716 1793 807 1856 multa
840 1793 907 1856 sine
937 1793 997 1857 irde
1028 1793 1111 1855 illum
1141 1793 1303 1859 iactantem

205 1901 349 1967 statuisse
370 1902 475 1966 video.

292 2052 330 2063 -
352 2014 397 2089 id.
423 2013 470 2075 10.
494 2022 554 2093 su]
576 2012 674 2076 Etiam
693 2013 767 2075 Ptol.
783 2019 813 2075 et
830 2013 864 2075 lt.
879 2013 951 2076 Ant.
971 2012 1001 2074 u.
1019 2012 1302 2080 citt.·Vindobonae

204 2122 371 2205 Legionem
393 2124 430 2186 X.
450 2123 603 2204 geminam
626 2122 821 2185 adscribunt:
846 2140 916 2185 nam
941 2121 1019 2202 apud
1038 2122 1119 2186 iilum
1142 2141 1199 2204 pro
1222 2125 1302 2205 Γερ.

51 2318 54 2323 .
100 2260 102 2265 v
203 2227 319 2314 μανικὴ
348 2232 511 2314 tegendum
537 2250 607 2295 esso
630 2228 748 2312 Γεμινὴ
778 2231 891 2294 nullum
917 2230 1039 2293 dubium
1058 2231 1169 2310 habet,
1191 2239 1221 2295 et
1243 2235 1301 2297 iam

115 2426 120 2431 ⁸
201 2340 379 2405 Panciroius
403 2342 495 2418 vidit3
517 2342 632 2423 pariter
657 2341 776 2421 lapides
801 2341 963 2421 inquibus
987 2366 1054 2404 aaa.
1072 2366 1098 2403 x.
1124 2366 1218 2405 orara.
1237 2343 1300 2425 legi

200 2452 308 2515 Lanius
328 2451 451 2529 rettulit,
474 2471 508 2513 re
531 2470 605 2514 vera
620 2474 684 2525 uro.
695 2475 721 2512 r.
732 2475 764 2513 o.
778 2452 844 2513 sive
861 2474 924 2512 ran.
939 2475 964 2512 x.
980 2475 1055 2514 naa.
1073 2450 1200 2529 habent,
1223 2458 1256 2514 ut
1272 2459 1300 2515 et

199 2560 387 2641 wesseling.
403 2561 441 2623 ad
465 2562 497 2622 it.
516 2561 586 2631 Ant.
601 2579 629 2641 p.
646 2559 716 2621 948.
731 2560 897 2622 annotavit.
922 2561 962 2623 af.
985 2561 1075 2623 etiam
1098 2560 1191 2624 Oreii.
1206 2561 1297 2626 toan.

200 2667 307 2747 4964„
332 2668 390 2731 Dia
410 2669 495 2732 Cass,
519 2668 576 2731 LV.
591 2668 640 2732 93.
657 2664 706 2752 „ol
728 2667 914 2751 δεκάτεροι,
935 2668 969 2731 οἵ
995 2693 1028 2732 τε
1045 2670 1085 2731 Ιἐν
1108 2670 1147 2755 τῇ
1172 2674 1299 2733 fluam-

199 2779 250 2864 nr'a
272 2780 310 2863 τῇ
335 2769 419 2855 ἅνω,
445 2773 475 2839 οἱ
498 2778 645 2857 δίδυμοι,
670 2778 723 2839 καί
752 2774 781 2840 οἱ
811 2773 844 2839 ἐν
863 2776 1037 2864 ’londar'ar‘fl
1081 2778 1209 2842 Brevem
1234 2781 1298 2843 aius

198 2887 355 2951 historiam
388 2887 492 2949 harum
522 2906 645 2967 rerum,
675 2894 708 2949 ut
737 2888 864 2951 aliarum
894 2888 1072 2967 muitarum,
1096 2889 1297 2971 peritissimus

168 3033 178 3050 ι
199 2997 387 3081 Borghesius
410 2999 503 3076 (suite
525 2997 617 3059 narr.
631 2997 745 3060 Romm.
761 2998 809 3060 det
823 2998 918 3060 Reno.
935 3000 1021 3062 Rom.
1036 2999 1126 3063 1839.
1143 3000 1185 3063 8⁰.
1202 3020 1231 3082 p.
1245 3001 1294 3067 28»

196 3116 261 3189 sq.)
280 3108 320 3171 ita
341 3109 442 3172 dedit:
463 3107 722 3191 „indidemne
740 3110 792 3189 yid
806 3125 913 3170 nnana
923 3114 1030 3191 questa
1050 3109 1295 3172 denominandam

197 3218 229 3280 αἱ
249 3218 341 3296 umpa‘
365 3217 397 3280 dt
421 3216 541 3279 Tiberia
557 3218 802 3296 (arat.d9t,10.
830 3216 1087 3297 unsaramma).
1111 3219 1208 3281 nitito
1222 3239 1295 3300 que-

197 3335 246 3389 sta
266 3333 345 3389 sotto
374 3325 510 3408 namon
537 3327 619 3389 netto
646 3328 738 3408 tanna
758 3347 873 3408 aeterra
897 3328 1102 3407 Cantabrica,
1131 3347 1191 3408 per
1214 3329 1295 3391 caii

197 3436 267 3497 onai
287 3436 427 3497 veterani
453 3438 568 3514 sarano
593 3436 738 3515 promisti
765 3438 846 3521 aretin
864 3437 1049 3518 fondaar'one
1075 3439 1166 3500 deite'
1179 3439 1293 3502 catania

198 3545 341 3621 Emerita,
365 3544 501 3607 Patriuio
523 3566 539 3607 a
563 3546 801 3627 Cesnrnuyusta,
825 3565 907 3609 conta
926 3565 1069 3626 protono
1090 3549 1118 3610 ta
1142 3550 1209 3610 torn
1229 3568 1292 3611 me-

196 3653 302 3733 dantia.
335 3654 382 3715 La
395 3654 610 3719 Matratoriana
631 3657 746 3732 785‚7.
760 3657 791 3716 m·
810 3655 846 3730 O.
862 3658 986 3719 Atatina
1009 3657 1146 3729 Modesto
1165 3681 1214 3720 ra.
1229 3683 1292 3721 aaa.

195 3786 262 3825 nno.
283 3787 310 3825 a.
337 3788 482 3827 crassas.
513 3790 553 3827 rs.
581 3790 719 3829 nisenam
744 3785 802 3844 per
832 3785 891 3826 non
920 3768 1051 3846 portare
1077 3768 1110 3829 di
1133 3769 1234 3846 adire,
1267 3768 1295 3830 α’

192 3874 310 3932 mostra
325 3870 432 3934 ett'elia
445 3874 558 3935 mmase
578 3875 610 3935 in
632 3876 735 3954 quaetio
755 3875 937 3954 praeincan-
960 3876 999 3937 ed
1013 3875 1109 3937 anche
1124 3878 1295 3938 altomonte
1338 3896 1339 3913 ¹

193 3981 224 4042 di
248 3979 347 4041 Gadda
371 3982 403 4041 ni
424 3984 609 4046 continuata
632 3987 664 4047 ta
684 4004 744 4048 sara
764 3985 925 4047 residenoo
947 3986 1035 4058 (Tac.
1055 3985 1130 4048 tint.
1154 3985 1197 4052 11.
1212 3986 1293 4062 58),

193 4089 350 4153 emendos·
369 4091 449 4170 satta
468 4094 589 4171 partire
611 4095 641 4157 di
663 4098 694 4158 ta
714 4096 839 4157 insieme
861 4096 941 4158 cada
961 4104 1045 4157 aesta
1062 4095 1192 4173 tinnire,
1212 4114 1293 4176 per-

193 4198 249 4261 ettd
269 4215 448 4261 oreorrrsse
472 4219 491 4261 a
514 4204 681 4281 repriorere
708 4206 740 4266 ia
764 4205 819 4284 piri
842 4205 922 4266 nolte
947 4205 1040 4267 citata
1068 4224 1239 4268 sommosso
1262 4205 1294 4268 di

193 4308 289 4374 ctatte
308 4328 325 4371 e
347 4308 379 4369 di
403 4308 538 4373 Ctassico
561 4312 596 4396 (1
601 4311 629 4375 V.
639 4315 689 4377 65.
700 4317 766 4397 76).
810 4315 971 4377 Concordo
987 4316 1128 4396 raraque
1144 4317 1199 4380 cite
1214 4317 1293 4380 nette
