<?xml version="1.0" encoding="UTF-8"?>
<!DOCTYPE html PUBLIC "-//W3C//DTD XHTML 1.0 Transitional//EN"
    "http://www.w3.org/TR/xhtml1/DTD/xhtml1-transitional.dtd">
<html xmlns="http://www.w3.org/1999/xhtml" xml:lang="en" lang="en">
 <head>
  <title>
</title>
<meta http-equiv="Content-Type" content="text/html;charset=utf-8" />
  <meta name='ocr-system' content='tesseract 3.04.00' />
  <meta name='ocr-capabilities' content='ocr_page ocr_carea ocr_par ocr_line ocrx_word'/>
</head>
<body>
  <div class='ocr_page' id='page_1' title='image "./notitiadignitat01bcgoog_0518.png"; bbox 0 0 2918 4914; ppageno 0'>
   <div class='ocr_carea' id='block_1_1' title="bbox 308 405 1243 497">
    <p class='ocr_par' dir='ltr' id='par_1_1' title="bbox 308 405 1243 497">
     <span class='ocr_line' id='line_1_1' title="bbox 308 405 1243 497; baseline 0 -13"><span class='ocrx_word' id='word_1_1' title='bbox 308 434 441 484; x_wconf 73' lang='lat' dir='ltr'><strong>cre-rr.</strong></span> <span class='ocrx_word' id='word_1_2' title='bbox 464 435 505 482; x_wconf 79' lang='lat' dir='ltr'><strong>an</strong></span> <span class='ocrx_word' id='word_1_3' title='bbox 527 432 596 482; x_wconf 73' lang='lat' dir='ltr'><strong>rac.</strong></span> <span class='ocrx_word' id='word_1_4' title='bbox 611 413 766 497; x_wconf 77' lang='lat' dir='ltr'><strong>1¹9*·ll·</strong></span> <span class='ocrx_word' id='word_1_5' title='bbox 776 414 837 484; x_wconf 75' lang='lat'><strong>23.</strong></span> <span class='ocrx_word' id='word_1_6' title='bbox 847 405 955 483; x_wconf 56' lang='lat' dir='ltr'><strong>bbor</strong></span> <span class='ocrx_word' id='word_1_7' title='bbox 966 431 1075 483; x_wconf 69' lang='lat' dir='ltr'><strong>sarrs.</strong></span> <span class='ocrx_word' id='word_1_8' title='bbox 1130 405 1243 486; x_wconf 77' lang='lat' dir='ltr'><strong>rodo·</strong></span> 
     </span>
    </p>
   </div>
   <div class='ocr_carea' id='block_1_2' title="bbox 138 631 1297 3247">
    <p class='ocr_par' dir='ltr' id='par_1_2' title="bbox 138 631 1297 3247">
     <span class='ocr_line' id='line_1_2' title="bbox 139 631 1245 715; baseline -0.001 -19"><span class='ocrx_word' id='word_1_9' title='bbox 139 635 191 715; x_wconf 94' lang='lat' dir='ltr'><strong>qui</strong></span> <span class='ocrx_word' id='word_1_10' title='bbox 221 652 342 715; x_wconf 89' lang='lat' dir='ltr'><strong>quaeve</strong></span> <span class='ocrx_word' id='word_1_11' title='bbox 372 651 440 696; x_wconf 89' lang='lat' dir='ltr'><strong>oum</strong></span> <span class='ocrx_word' id='word_1_12' title='bbox 474 632 527 696; x_wconf 91' lang='lat' dir='ltr'><strong>lita</strong></span> <span class='ocrx_word' id='word_1_13' title='bbox 557 631 652 696; x_wconf 89' lang='lat' dir='ltr'><strong>litove</strong></span> <span class='ocrx_word' id='word_1_14' title='bbox 683 633 910 697; x_wconf 78' lang='lat' dir='ltr'><strong>matrimonium</strong></span> <span class='ocrx_word' id='word_1_15' title='bbox 938 633 1072 713; x_wconf 88' lang='lat' dir='ltr'><strong>inierat,</strong></span> <span class='ocrx_word' id='word_1_16' title='bbox 1103 632 1155 713; x_wconf 91' lang='lat' dir='ltr'><strong>qui</strong></span> <span class='ocrx_word' id='word_1_17' title='bbox 1176 633 1245 696; x_wconf 82' lang='lat' dir='ltr'><strong>siro</strong></span> 
     </span>
     <span class='ocr_line' id='line_1_3' title="bbox 142 743 1245 826; baseline -0.002 -18"><span class='ocrx_word' id='word_1_18' title='bbox 142 750 253 826; x_wconf 86' lang='lat' dir='ltr'><strong>sponte</strong></span> <span class='ocrx_word' id='word_1_19' title='bbox 274 745 343 808; x_wconf 87' lang='lat' dir='ltr'><strong>sive</strong></span> <span class='ocrx_word' id='word_1_20' title='bbox 364 745 552 807; x_wconf 86' lang='lat' dir='ltr'><strong>necessitate</strong></span> <span class='ocrx_word' id='word_1_21' title='bbox 574 743 704 825; x_wconf 82' lang='lat' dir='ltr'><strong>quradam</strong></span> <span class='ocrx_word' id='word_1_22' title='bbox 726 745 837 823; x_wconf 83' lang='lat' dir='ltr'><strong>coacti,</strong></span> <span class='ocrx_word' id='word_1_23' title='bbox 859 750 893 806; x_wconf 92' lang='lat' dir='ltr'><strong>ut</strong></span> <span class='ocrx_word' id='word_1_24' title='bbox 914 744 1053 808; x_wconf 78' lang='lat' dir='ltr'><strong>obaerati</strong></span> <span class='ocrx_word' id='word_1_25' title='bbox 1076 743 1245 823; x_wconf 76' lang='lat' dir='ltr'><strong>debitores,</strong></span> 
     </span>
     <span class='ocr_line' id='line_1_4' title="bbox 139 851 1247 933; baseline -0.003 -17"><span class='ocrx_word' id='word_1_26' title='bbox 139 854 240 917; x_wconf 86' lang='lat' dir='ltr'><strong>donec</strong></span> <span class='ocrx_word' id='word_1_27' title='bbox 263 854 399 917; x_wconf 89' lang='lat' dir='ltr'><strong>debitum</strong></span> <span class='ocrx_word' id='word_1_28' title='bbox 424 853 608 930; x_wconf 85' lang='lat' dir='ltr'><strong>solveretur,</strong></span> <span class='ocrx_word' id='word_1_29' title='bbox 634 853 751 915; x_wconf 89' lang='lat' dir='ltr'><strong>bomini</strong></span> <span class='ocrx_word' id='word_1_30' title='bbox 773 853 871 917; x_wconf 92' lang='lat' dir='ltr'><strong>libero</strong></span> <span class='ocrx_word' id='word_1_31' title='bbox 894 872 929 919; x_wconf 89' lang='lat' dir='ltr'><strong>se</strong></span> <span class='ocrx_word' id='word_1_32' title='bbox 945 852 1155 932; x_wconf 88' lang='lat' dir='ltr'><strong>subdiderant,</strong></span> <span class='ocrx_word' id='word_1_33' title='bbox 1176 851 1247 933; x_wconf 86' lang='lat' dir='ltr'><strong>qui·</strong></span> 
     </span>
     <span class='ocr_line' id='line_1_5' title="bbox 140 962 1245 1045; baseline -0.005 -17"><span class='ocrx_word' id='word_1_34' title='bbox 140 981 199 1045; x_wconf 92' lang='lat' dir='ltr'><strong>que</strong></span> <span class='ocrx_word' id='word_1_35' title='bbox 215 984 254 1028; x_wconf 89' lang='lat' dir='ltr'><strong>ex</strong></span> <span class='ocrx_word' id='word_1_36' title='bbox 274 965 414 1027; x_wconf 81' lang='lat' dir='ltr'><strong>hostibus</strong></span> <span class='ocrx_word' id='word_1_37' title='bbox 435 964 517 1028; x_wconf 92' lang='lat' dir='ltr'><strong>bello</strong></span> <span class='ocrx_word' id='word_1_38' title='bbox 543 965 623 1044; x_wconf 87' lang='lat' dir='ltr'><strong>rapti</strong></span> <span class='ocrx_word' id='word_1_39' title='bbox 644 971 742 1043; x_wconf 89' lang='lat' dir='ltr'><strong>orant,</strong></span> <span class='ocrx_word' id='word_1_40' title='bbox 761 964 862 1027; x_wconf 88' lang='lat' dir='ltr'><strong>donec</strong></span> <span class='ocrx_word' id='word_1_41' title='bbox 882 964 1109 1028; x_wconf 83' lang='lat' dir='ltr'><strong>redimerentur</strong></span> <span class='ocrx_word' id='word_1_42' title='bbox 1123 969 1159 1023; x_wconf 85' lang='lat'><strong>²².</strong></span> <span class='ocrx_word' id='word_1_43' title='bbox 1182 962 1245 1025; x_wconf 89' lang='lat' dir='ltr'><strong>lam</strong></span> 
     </span>
     <span class='ocr_line' id='line_1_6' title="bbox 141 1072 1247 1156; baseline -0.002 -19"><span class='ocrx_word' id='word_1_44' title='bbox 141 1075 247 1155; x_wconf 87' lang='lat' dir='ltr'><strong>siquis</strong></span> <span class='ocrx_word' id='word_1_45' title='bbox 271 1091 331 1156; x_wconf 94' lang='lat' dir='ltr'><strong>quo</strong></span> <span class='ocrx_word' id='word_1_46' title='bbox 356 1073 449 1137; x_wconf 92' lang='lat' dir='ltr'><strong>modo</strong></span> <span class='ocrx_word' id='word_1_47' title='bbox 474 1075 532 1138; x_wconf 90' lang='lat' dir='ltr'><strong>Liti</strong></span> <span class='ocrx_word' id='word_1_48' title='bbox 554 1092 580 1136; x_wconf 91' lang='lat' dir='ltr'><strong>s.</strong></span> <span class='ocrx_word' id='word_1_49' title='bbox 593 1074 684 1138; x_wconf 81' lang='lat' dir='ltr'><strong>lazzi</strong></span> <span class='ocrx_word' id='word_1_50' title='bbox 706 1094 724 1137; x_wconf 88' lang='lat' dir='ltr'><strong>a</strong></span> <span class='ocrx_word' id='word_1_51' title='bbox 746 1072 852 1137; x_wconf 91' lang='lat' dir='ltr'><strong>liberis</strong></span> <span class='ocrx_word' id='word_1_52' title='bbox 874 1074 1047 1154; x_wconf 86' lang='lat' dir='ltr'><strong>servisque,</strong></span> <span class='ocrx_word' id='word_1_53' title='bbox 1064 1074 1146 1136; x_wconf 90' lang='lat' dir='ltr'><strong>inter</strong></span> <span class='ocrx_word' id='word_1_54' title='bbox 1167 1084 1247 1154; x_wconf 75' lang='lat' dir='ltr'><strong>quoe</strong></span> 
     </span>
     <span class='ocr_line' id='line_1_7' title="bbox 139 1182 1246 1266; baseline -0.001 -19"><span class='ocrx_word' id='word_1_55' title='bbox 139 1184 272 1248; x_wconf 91' lang='lat' dir='ltr'><strong>medium</strong></span> <span class='ocrx_word' id='word_1_56' title='bbox 288 1184 391 1248; x_wconf 91' lang='lat' dir='ltr'><strong>locum</strong></span> <span class='ocrx_word' id='word_1_57' title='bbox 406 1184 593 1265; x_wconf 83' lang='lat' dir='ltr'><strong>optinebcnt,</strong></span> <span class='ocrx_word' id='word_1_58' title='bbox 612 1185 875 1266; x_wconf 72' lang='lat' dir='ltr'><strong>distinguerentur</strong></span> <span class='ocrx_word' id='word_1_59' title='bbox 888 1189 1026 1264; x_wconf 86' lang='lat' dir='ltr'><strong>quaerat,</strong></span> <span class='ocrx_word' id='word_1_60' title='bbox 1044 1182 1124 1264; x_wconf 88' lang='lat' dir='ltr'><strong>apud</strong></span> <span class='ocrx_word' id='word_1_61' title='bbox 1139 1198 1246 1246; x_wconf 81' lang='lat' dir='ltr'><strong>omnes</strong></span> 
     </span>
     <span class='ocr_line' id='line_1_8' title="bbox 138 1294 1247 1375; baseline -0.003 -18"><span class='ocrx_word' id='word_1_62' title='bbox 138 1311 293 1375; x_wconf 82' lang='lat' dir='ltr'><strong>peraeque</strong></span> <span class='ocrx_word' id='word_1_63' title='bbox 328 1295 499 1360; x_wconf 87' lang='lat' dir='ltr'><strong>Germanos</strong></span> <span class='ocrx_word' id='word_1_64' title='bbox 531 1294 660 1375; x_wconf 85' lang='lat' dir='ltr'><strong>populos</strong></span> <span class='ocrx_word' id='word_1_65' title='bbox 698 1295 945 1358; x_wconf 83' lang='lat' dir='ltr'><strong>animadvertere</strong></span> <span class='ocrx_word' id='word_1_66' title='bbox 976 1310 1160 1375; x_wconf 87' lang='lat' dir='ltr'><strong>possumus,</strong></span> <span class='ocrx_word' id='word_1_67' title='bbox 1195 1297 1247 1355; x_wconf 87' lang='lat' dir='ltr'><strong>aut</strong></span> 
     </span>
     <span class='ocr_line' id='line_1_9' title="bbox 138 1404 1245 1487; baseline -0.002 -20"><span class='ocrx_word' id='word_1_68' title='bbox 138 1404 220 1468; x_wconf 88' lang='lat' dir='ltr'><strong>nulla</strong></span> <span class='ocrx_word' id='word_1_69' title='bbox 239 1406 365 1469; x_wconf 91' lang='lat' dir='ltr'><strong>omnino</strong></span> <span class='ocrx_word' id='word_1_70' title='bbox 388 1423 467 1487; x_wconf 84' lang='lat' dir='ltr'><strong>quae</strong></span> <span class='ocrx_word' id='word_1_71' title='bbox 483 1405 609 1487; x_wconf 83' lang='lat' dir='ltr'><strong>politica</strong></span> <span class='ocrx_word' id='word_1_72' title='bbox 628 1423 776 1469; x_wconf 87' lang='lat' dir='ltr'><strong>vocamus</strong></span> <span class='ocrx_word' id='word_1_73' title='bbox 792 1407 859 1469; x_wconf 86' lang='lat' dir='ltr'><strong>iura</strong></span> <span class='ocrx_word' id='word_1_74' title='bbox 882 1404 942 1468; x_wconf 89' lang='lat' dir='ltr'><strong>illis</strong></span> <span class='ocrx_word' id='word_1_75' title='bbox 960 1422 1113 1469; x_wconf 88' lang='lat' dir='ltr'><strong>concessa</strong></span> <span class='ocrx_word' id='word_1_76' title='bbox 1138 1405 1245 1481; x_wconf 86' lang='lat' dir='ltr'><strong>luisse,</strong></span> 
     </span>
     <span class='ocr_line' id='line_1_10' title="bbox 138 1513 1246 1595; baseline -0.003 -16"><span class='ocrx_word' id='word_1_77' title='bbox 138 1522 208 1595; x_wconf 85' lang='lat' dir='ltr'><strong>aut,</strong></span> <span class='ocrx_word' id='word_1_78' title='bbox 229 1516 280 1578; x_wconf 92' lang='lat' dir='ltr'><strong>ubi</strong></span> <span class='ocrx_word' id='word_1_79' title='bbox 303 1516 427 1579; x_wconf 85' lang='lat' dir='ltr'><strong>tandem</strong></span> <span class='ocrx_word' id='word_1_80' title='bbox 451 1534 603 1579; x_wconf 89' lang='lat' dir='ltr'><strong>concessa</strong></span> <span class='ocrx_word' id='word_1_81' title='bbox 629 1517 768 1593; x_wconf 87' lang='lat' dir='ltr'><strong>luerunt,</strong></span> <span class='ocrx_word' id='word_1_82' title='bbox 791 1516 978 1579; x_wconf 83' lang='lat' dir='ltr'><strong>arctioribus</strong></span> <span class='ocrx_word' id='word_1_83' title='bbox 1005 1515 1115 1579; x_wconf 84' lang='lat' dir='ltr'><strong>eadem</strong></span> <span class='ocrx_word' id='word_1_84' title='bbox 1136 1513 1246 1576; x_wconf 82' lang='lat' dir='ltr'><strong>linibus</strong></span> 
     </span>
     <span class='ocr_line' id='line_1_11' title="bbox 140 1623 1248 1690; baseline -0.002 -3"><span class='ocrx_word' id='word_1_85' title='bbox 140 1626 364 1689; x_wconf 79' lang='lat' dir='ltr'><strong>circumscribi.</strong></span> <span class='ocrx_word' id='word_1_86' title='bbox 396 1644 466 1690; x_wconf 91' lang='lat' dir='ltr'><strong>nam</strong></span> <span class='ocrx_word' id='word_1_87' title='bbox 487 1644 549 1688; x_wconf 88' lang='lat' dir='ltr'><strong>non</strong></span> <span class='ocrx_word' id='word_1_88' title='bbox 572 1625 632 1688; x_wconf 89' lang='lat' dir='ltr'><strong>nisi</strong></span> <span class='ocrx_word' id='word_1_89' title='bbox 655 1626 712 1688; x_wconf 90' lang='lat' dir='ltr'><strong>sub</strong></span> <span class='ocrx_word' id='word_1_90' title='bbox 737 1625 880 1689; x_wconf 83' lang='lat' dir='ltr'><strong>clientela</strong></span> <span class='ocrx_word' id='word_1_91' title='bbox 902 1625 952 1689; x_wconf 85' lang='lat' dir='ltr'><strong>vel</strong></span> <span class='ocrx_word' id='word_1_92' title='bbox 973 1625 1137 1689; x_wconf 86' lang='lat' dir='ltr'><strong>advocatia</strong></span> <span class='ocrx_word' id='word_1_93' title='bbox 1156 1623 1248 1686; x_wconf 88' lang='lat' dir='ltr'><strong>liberi</strong></span> 
     </span>
     <span class='ocr_line' id='line_1_12' title="bbox 139 1735 1248 1818; baseline -0.003 -19"><span class='ocrx_word' id='word_1_94' title='bbox 139 1735 293 1815; x_wconf 88' lang='lat' dir='ltr'><strong>bominis,</strong></span> <span class='ocrx_word' id='word_1_95' title='bbox 316 1754 407 1817; x_wconf 90' lang='lat' dir='ltr'><strong>quem</strong></span> <span class='ocrx_word' id='word_1_96' title='bbox 431 1738 587 1799; x_wconf 91' lang='lat' dir='ltr'><strong>dominum</strong></span> <span class='ocrx_word' id='word_1_97' title='bbox 616 1735 662 1798; x_wconf 90' lang='lat' dir='ltr'><strong>liti</strong></span> <span class='ocrx_word' id='word_1_98' title='bbox 682 1737 798 1815; x_wconf 85' lang='lat' dir='ltr'><strong>passim</strong></span> <span class='ocrx_word' id='word_1_99' title='bbox 829 1736 1033 1799; x_wconf 86' lang='lat' dir='ltr'><strong>barbarorum</strong></span> <span class='ocrx_word' id='word_1_100' title='bbox 1054 1735 1142 1818; x_wconf 82' lang='lat' dir='ltr'><strong>leges</strong></span> <span class='ocrx_word' id='word_1_101' title='bbox 1166 1750 1248 1796; x_wconf 87' lang='lat' dir='ltr'><strong>nun·</strong></span> 
     </span>
     <span class='ocr_line' id='line_1_13' title="bbox 142 1844 1297 1927; baseline -0.001 -19"><span class='ocrx_word' id='word_1_102' title='bbox 142 1852 266 1927; x_wconf 87' lang='lat' dir='ltr'><strong>cupant,</strong></span> <span class='ocrx_word' id='word_1_103' title='bbox 287 1847 454 1910; x_wconf 89' lang='lat' dir='ltr'><strong>liberorum</strong></span> <span class='ocrx_word' id='word_1_104' title='bbox 475 1846 533 1927; x_wconf 91' lang='lat' dir='ltr'><strong>ipsi</strong></span> <span class='ocrx_word' id='word_1_105' title='bbox 556 1846 711 1908; x_wconf 89' lang='lat' dir='ltr'><strong>bominum</strong></span> <span class='ocrx_word' id='word_1_106' title='bbox 735 1845 852 1907; x_wconf 88' lang='lat' dir='ltr'><strong>iuribus</strong></span> <span class='ocrx_word' id='word_1_107' title='bbox 873 1845 1064 1927; x_wconf 86' lang='lat' dir='ltr'><strong>gaudebant;</strong></span> <span class='ocrx_word' id='word_1_108' title='bbox 1087 1844 1126 1908; x_wconf 85' lang='lat' dir='ltr'><strong>ad</strong></span> <span class='ocrx_word' id='word_1_109' title='bbox 1145 1845 1247 1907; x_wconf 88' lang='lat' dir='ltr'><strong>actio·</strong></span> <span class='ocrx_word' id='word_1_110' title='bbox 1295 1863 1297 1871; x_wconf 74' lang='grc'><em>’</em></span> 
     </span>
     <span class='ocr_line' id='line_1_14' title="bbox 140 1944 1247 2036; baseline -0.002 -19"><span class='ocrx_word' id='word_1_111' title='bbox 140 1973 197 2019; x_wconf 90' lang='lat' dir='ltr'><strong>nes</strong></span> <span class='ocrx_word' id='word_1_112' title='bbox 220 1944 390 2019; x_wconf 86' lang='lat' dir='ltr'><strong>seeundum</strong></span> <span class='ocrx_word' id='word_1_113' title='bbox 414 1957 461 2019; x_wconf 92' lang='lat' dir='ltr'><strong>ius</strong></span> <span class='ocrx_word' id='word_1_114' title='bbox 488 1955 592 2036; x_wconf 94' lang='lat' dir='ltr'><strong>populi</strong></span> <span class='ocrx_word' id='word_1_115' title='bbox 614 1954 817 2017; x_wconf 87' lang='lat' dir='ltr'><strong>instituendas</strong></span> <span class='ocrx_word' id='word_1_116' title='bbox 847 1954 941 2017; x_wconf 89' lang='lat' dir='ltr'><strong>lazzis</strong></span> <span class='ocrx_word' id='word_1_117' title='bbox 974 1954 1090 2017; x_wconf 90' lang='lat' dir='ltr'><strong>domini</strong></span> <span class='ocrx_word' id='word_1_118' title='bbox 1120 1954 1247 2017; x_wconf 92' lang='lat' dir='ltr'><strong>mundio</strong></span> 
     </span>
     <span class='ocr_line' id='line_1_15' title="bbox 141 2063 1247 2146; baseline 0 -19"><span class='ocrx_word' id='word_1_119' title='bbox 141 2083 217 2146; x_wconf 91' lang='lat' dir='ltr'><strong>opus</strong></span> <span class='ocrx_word' id='word_1_120' title='bbox 250 2070 374 2143; x_wconf 82' lang='lat' dir='ltr'><strong>erar2³3</strong></span> <span class='ocrx_word' id='word_1_121' title='bbox 405 2067 486 2129; x_wconf 91' lang='lat' dir='ltr'><strong>inter</strong></span> <span class='ocrx_word' id='word_1_122' title='bbox 518 2067 603 2146; x_wconf 92' lang='lat' dir='ltr'><strong>ipsos</strong></span> <span class='ocrx_word' id='word_1_123' title='bbox 636 2065 707 2127; x_wconf 88' lang='lat' dir='ltr'><strong>litos</strong></span> <span class='ocrx_word' id='word_1_124' title='bbox 739 2065 807 2126; x_wconf 87' lang='lat' dir='ltr'><strong>sive</strong></span> <span class='ocrx_word' id='word_1_125' title='bbox 838 2065 981 2144; x_wconf 89' lang='lat' dir='ltr'><strong>quotiens</strong></span> <span class='ocrx_word' id='word_1_126' title='bbox 1016 2083 1084 2127; x_wconf 91' lang='lat' dir='ltr'><strong>cum</strong></span> <span class='ocrx_word' id='word_1_127' title='bbox 1114 2063 1247 2127; x_wconf 90' lang='lat' dir='ltr'><strong>dominis</strong></span> 
     </span>
     <span class='ocr_line' id='line_1_16' title="bbox 140 2173 1246 2258; baseline -0.001 -21"><span class='ocrx_word' id='word_1_128' title='bbox 140 2175 295 2257; x_wconf 84' lang='lat' dir='ltr'><strong>agendum</strong></span> <span class='ocrx_word' id='word_1_129' title='bbox 320 2182 396 2255; x_wconf 89' lang='lat' dir='ltr'><strong>erat,</strong></span> <span class='ocrx_word' id='word_1_130' title='bbox 419 2175 485 2238; x_wconf 91' lang='lat' dir='ltr'><strong>iure</strong></span> <span class='ocrx_word' id='word_1_131' title='bbox 512 2174 616 2237; x_wconf 89' lang='lat' dir='ltr'><strong>curiae</strong></span> <span class='ocrx_word' id='word_1_132' title='bbox 635 2193 661 2236; x_wconf 89' lang='lat' dir='ltr'><strong>s.</strong></span> <span class='ocrx_word' id='word_1_133' title='bbox 676 2174 771 2243; x_wconf 84' lang='lat' dir='ltr'><strong>curtis</strong></span> <span class='ocrx_word' id='word_1_134' title='bbox 795 2173 891 2250; x_wconf 77' lang='lat' dir='ltr'><strong>(nacla</strong></span> <span class='ocrx_word' id='word_1_135' title='bbox 905 2173 1068 2254; x_wconf 79' lang='lat' dir='ltr'><strong>llosrccbt)</strong></span> <span class='ocrx_word' id='word_1_136' title='bbox 1087 2174 1246 2258; x_wconf 86' lang='lat' dir='ltr'><strong>agebatur.</strong></span> 
     </span>
     <span class='ocr_line' id='line_1_17' title="bbox 144 2283 1247 2366; baseline 0 -19"><span class='ocrx_word' id='word_1_137' title='bbox 144 2291 176 2347; x_wconf 86' lang='lat' dir='ltr'><strong>et</strong></span> <span class='ocrx_word' id='word_1_138' title='bbox 199 2285 236 2348; x_wconf 92' lang='lat' dir='ltr'><strong>de</strong></span> <span class='ocrx_word' id='word_1_139' title='bbox 259 2290 411 2366; x_wconf 87' lang='lat' dir='ltr'><strong>potestate</strong></span> <span class='ocrx_word' id='word_1_140' title='bbox 433 2285 564 2365; x_wconf 89' lang='lat' dir='ltr'><strong>patroni,</strong></span> <span class='ocrx_word' id='word_1_141' title='bbox 589 2283 656 2348; x_wconf 89' lang='lat' dir='ltr'><strong>sive</strong></span> <span class='ocrx_word' id='word_1_142' title='bbox 679 2283 767 2347; x_wconf 89' lang='lat' dir='ltr'><strong>malis</strong></span> <span class='ocrx_word' id='word_1_143' title='bbox 785 2283 912 2361; x_wconf 87' lang='lat' dir='ltr'><strong>domini,</strong></span> <span class='ocrx_word' id='word_1_144' title='bbox 935 2283 1038 2348; x_wconf 91' lang='lat' dir='ltr'><strong>locum</strong></span> <span class='ocrx_word' id='word_1_145' title='bbox 1056 2284 1149 2348; x_wconf 84' lang='lat' dir='ltr'><strong>babet</strong></span> <span class='ocrx_word' id='word_1_146' title='bbox 1165 2283 1247 2366; x_wconf 90' lang='lat' dir='ltr'><strong>quod</strong></span> 
     </span>
     <span class='ocr_line' id='line_1_18' title="bbox 140 2393 1247 2475; baseline 0.002 -18"><span class='ocrx_word' id='word_1_147' title='bbox 140 2395 263 2457; x_wconf 84' lang='lat' dir='ltr'><strong>Tacitus</strong></span> <span class='ocrx_word' id='word_1_148' title='bbox 288 2395 390 2458; x_wconf 88' lang='lat' dir='ltr'><strong>Germ.</strong></span> <span class='ocrx_word' id='word_1_149' title='bbox 408 2397 458 2457; x_wconf 74' lang='lat'><strong>25.</strong></span> <span class='ocrx_word' id='word_1_150' title='bbox 476 2393 516 2457; x_wconf 89' lang='lat' dir='ltr'><strong>de</strong></span> <span class='ocrx_word' id='word_1_151' title='bbox 539 2394 639 2457; x_wconf 86' lang='lat' dir='ltr'><strong>servis</strong></span> <span class='ocrx_word' id='word_1_152' title='bbox 663 2394 713 2475; x_wconf 90' lang='lat' dir='ltr'><strong>qui</strong></span> <span class='ocrx_word' id='word_1_153' title='bbox 735 2412 798 2457; x_wconf 90' lang='lat' dir='ltr'><strong>non</strong></span> <span class='ocrx_word' id='word_1_154' title='bbox 822 2393 909 2458; x_wconf 85' lang='lat' dir='ltr'><strong>aleae</strong></span> <span class='ocrx_word' id='word_1_155' title='bbox 931 2394 1005 2457; x_wconf 92' lang='lat' dir='ltr'><strong>ludo</strong></span> <span class='ocrx_word' id='word_1_156' title='bbox 1028 2395 1102 2458; x_wconf 85' lang='lat' dir='ltr'><strong>victi</strong></span> <span class='ocrx_word' id='word_1_157' title='bbox 1125 2395 1157 2456; x_wconf 93' lang='lat' dir='ltr'><strong>in</strong></span> <span class='ocrx_word' id='word_1_158' title='bbox 1180 2412 1247 2459; x_wconf 85' lang='lat' dir='ltr'><strong>earn</strong></span> 
     </span>
     <span class='ocr_line' id='line_1_19' title="bbox 142 2504 1249 2585; baseline 0.001 -18"><span class='ocrx_word' id='word_1_159' title='bbox 142 2504 362 2568; x_wconf 90' lang='lat' dir='ltr'><strong>condicionem</strong></span> <span class='ocrx_word' id='word_1_160' title='bbox 387 2504 505 2585; x_wconf 87' lang='lat' dir='ltr'><strong>delapsi</strong></span> <span class='ocrx_word' id='word_1_161' title='bbox 525 2510 639 2583; x_wconf 88' lang='lat' dir='ltr'><strong>essent,</strong></span> <span class='ocrx_word' id='word_1_162' title='bbox 663 2505 832 2568; x_wconf 88' lang='lat' dir='ltr'><strong>memoriae</strong></span> <span class='ocrx_word' id='word_1_163' title='bbox 853 2504 1006 2585; x_wconf 83' lang='lat' dir='ltr'><strong>prodidit:</strong></span> <span class='ocrx_word' id='word_1_164' title='bbox 1021 2505 1156 2584; x_wconf 79' lang='lat' dir='ltr'><strong>„ceteris</strong></span> <span class='ocrx_word' id='word_1_165' title='bbox 1177 2523 1249 2570; x_wconf 88' lang='lat' dir='ltr'><strong>ser-</strong></span> 
     </span>
     <span class='ocr_line' id='line_1_20' title="bbox 140 2614 1248 2697; baseline 0.005 -22"><span class='ocrx_word' id='word_1_166' title='bbox 140 2614 188 2676; x_wconf 86' lang='lat' dir='ltr'><strong>vis</strong></span> <span class='ocrx_word' id='word_1_167' title='bbox 209 2632 273 2677; x_wconf 92' lang='lat' dir='ltr'><strong>non</strong></span> <span class='ocrx_word' id='word_1_168' title='bbox 297 2615 328 2677; x_wconf 90' lang='lat' dir='ltr'><strong>in</strong></span> <span class='ocrx_word' id='word_1_169' title='bbox 350 2622 489 2678; x_wconf 90' lang='lat' dir='ltr'><strong>nostrum</strong></span> <span class='ocrx_word' id='word_1_170' title='bbox 509 2633 637 2694; x_wconf 86' lang='lat' dir='ltr'><strong>morem,</strong></span> <span class='ocrx_word' id='word_1_171' title='bbox 660 2614 826 2697; x_wconf 87' lang='lat' dir='ltr'><strong>descriptis</strong></span> <span class='ocrx_word' id='word_1_172' title='bbox 851 2634 907 2696; x_wconf 91' lang='lat' dir='ltr'><strong>per</strong></span> <span class='ocrx_word' id='word_1_173' title='bbox 936 2615 1082 2680; x_wconf 84' lang='lat' dir='ltr'><strong>familiam</strong></span> <span class='ocrx_word' id='word_1_174' title='bbox 1103 2617 1248 2681; x_wconf 87' lang='lat' dir='ltr'><strong>ministe-</strong></span> 
     </span>
     <span class='ocr_line' id='line_1_21' title="bbox 138 2723 1248 2813; baseline 0.005 -28"><span class='ocrx_word' id='word_1_175' title='bbox 138 2723 207 2801; x_wconf 89' lang='lat' dir='ltr'><strong>riis,</strong></span> <span class='ocrx_word' id='word_1_176' title='bbox 230 2730 373 2787; x_wconf 89' lang='lat' dir='ltr'><strong>utuntur:</strong></span> <span class='ocrx_word' id='word_1_177' title='bbox 397 2743 483 2788; x_wconf 87' lang='lat' dir='ltr'><strong>suam</strong></span> <span class='ocrx_word' id='word_1_178' title='bbox 508 2725 638 2807; x_wconf 91' lang='lat' dir='ltr'><strong>quisque</strong></span> <span class='ocrx_word' id='word_1_179' title='bbox 660 2726 784 2806; x_wconf 86' lang='lat' dir='ltr'><strong>sedem,</strong></span> <span class='ocrx_word' id='word_1_180' title='bbox 810 2744 884 2790; x_wconf 87' lang='lat' dir='ltr'><strong>suos</strong></span> <span class='ocrx_word' id='word_1_181' title='bbox 903 2733 1032 2807; x_wconf 84' lang='lat' dir='ltr'><strong>penates</strong></span> <span class='ocrx_word' id='word_1_182' title='bbox 1053 2728 1158 2813; x_wconf 79' lang='lat' dir='ltr'><strong>regit3</strong></span> <span class='ocrx_word' id='word_1_183' title='bbox 1179 2729 1248 2791; x_wconf 86' lang='lat' dir='ltr'><strong>iru-</strong></span> 
     </span>
     <span class='ocr_line' id='line_1_22' title="bbox 139 2832 1249 2916; baseline 0.006 -23"><span class='ocrx_word' id='word_1_184' title='bbox 139 2833 233 2894; x_wconf 85' lang='lat' dir='ltr'><strong>menti</strong></span> <span class='ocrx_word' id='word_1_185' title='bbox 261 2832 384 2895; x_wconf 93' lang='lat' dir='ltr'><strong>modum</strong></span> <span class='ocrx_word' id='word_1_186' title='bbox 407 2834 550 2896; x_wconf 90' lang='lat' dir='ltr'><strong>dominus</strong></span> <span class='ocrx_word' id='word_1_187' title='bbox 572 2840 623 2897; x_wconf 86' lang='lat' dir='ltr'><strong>aut</strong></span> <span class='ocrx_word' id='word_1_188' title='bbox 645 2836 768 2916; x_wconf 91' lang='lat' dir='ltr'><strong>pecoris</strong></span> <span class='ocrx_word' id='word_1_189' title='bbox 790 2841 841 2898; x_wconf 87' lang='lat' dir='ltr'><strong>aut</strong></span> <span class='ocrx_word' id='word_1_190' title='bbox 859 2837 972 2915; x_wconf 85' lang='lat' dir='ltr'><strong>vestis,</strong></span> <span class='ocrx_word' id='word_1_191' title='bbox 996 2843 1029 2898; x_wconf 91' lang='lat' dir='ltr'><strong>ut</strong></span> <span class='ocrx_word' id='word_1_192' title='bbox 1052 2836 1176 2916; x_wconf 87' lang='lat' dir='ltr'><strong>colono,</strong></span> <span class='ocrx_word' id='word_1_193' title='bbox 1196 2838 1249 2900; x_wconf 91' lang='lat' dir='ltr'><strong>in-</strong></span> 
     </span>
     <span class='ocr_line' id='line_1_23' title="bbox 140 2940 1246 3028; baseline 0.006 -25"><span class='ocrx_word' id='word_1_194' title='bbox 140 2940 269 3024; x_wconf 79' lang='lat' dir='ltr'><strong>iungit“.</strong></span> <span class='ocrx_word' id='word_1_195' title='bbox 301 2949 436 3006; x_wconf 89' lang='lat' dir='ltr'><strong>ceterum</strong></span> <span class='ocrx_word' id='word_1_196' title='bbox 460 2945 632 3025; x_wconf 82' lang='lat' dir='ltr'><strong>itaquesui</strong></span> <span class='ocrx_word' id='word_1_197' title='bbox 656 2945 731 3008; x_wconf 91' lang='lat' dir='ltr'><strong>luris</strong></span> <span class='ocrx_word' id='word_1_198' title='bbox 748 2945 871 3009; x_wconf 88' lang='lat' dir='ltr'><strong>suerunt</strong></span> <span class='ocrx_word' id='word_1_199' title='bbox 893 2946 1012 3027; x_wconf 85' lang='lat' dir='ltr'><strong>sibique</strong></span> <span class='ocrx_word' id='word_1_200' title='bbox 1033 2947 1246 3028; x_wconf 87' lang='lat' dir='ltr'><strong>adquirebant,</strong></span> 
     </span>
     <span class='ocr_line' id='line_1_24' title="bbox 140 3051 1247 3136; baseline 0.006 -24"><span class='ocrx_word' id='word_1_201' title='bbox 140 3068 206 3113; x_wconf 87' lang='lat' dir='ltr'><strong>non</strong></span> <span class='ocrx_word' id='word_1_202' title='bbox 230 3051 376 3133; x_wconf 89' lang='lat' dir='ltr'><strong>dominis,</strong></span> <span class='ocrx_word' id='word_1_203' title='bbox 398 3058 430 3115; x_wconf 91' lang='lat' dir='ltr'><strong>ut</strong></span> <span class='ocrx_word' id='word_1_204' title='bbox 453 3071 522 3115; x_wconf 93' lang='lat' dir='ltr'><strong>cum</strong></span> <span class='ocrx_word' id='word_1_205' title='bbox 543 3054 581 3117; x_wconf 90' lang='lat' dir='ltr'><strong>iis</strong></span> <span class='ocrx_word' id='word_1_206' title='bbox 603 3072 679 3134; x_wconf 93' lang='lat' dir='ltr'><strong>quos</strong></span> <span class='ocrx_word' id='word_1_207' title='bbox 699 3054 881 3118; x_wconf 88' lang='lat' dir='ltr'><strong>Germanice</strong></span> <span class='ocrx_word' id='word_1_208' title='bbox 896 3053 1065 3135; x_wconf 76' lang='lat' dir='ltr'><strong>llosbdripe</strong></span> <span class='ocrx_word' id='word_1_209' title='bbox 1088 3074 1247 3136; x_wconf 88' lang='lat' dir='ltr'><strong>vocamus,</strong></span> 
     </span>
     <span class='ocr_line' id='line_1_25' title="bbox 141 3162 1247 3247; baseline 0.006 -23"><span class='ocrx_word' id='word_1_210' title='bbox 141 3162 316 3243; x_wconf 87' lang='lat' dir='ltr'><strong>comparari</strong></span> <span class='ocrx_word' id='word_1_211' title='bbox 349 3168 462 3243; x_wconf 87' lang='lat' dir='ltr'><strong>queant</strong></span> <span class='ocrx_word' id='word_1_212' title='bbox 481 3167 518 3225; x_wconf 66' lang='lat'><strong>2⁴.</strong></span> <span class='ocrx_word' id='word_1_213' title='bbox 583 3164 695 3226; x_wconf 89' lang='lat' dir='ltr'><strong>Verum</strong></span> <span class='ocrx_word' id='word_1_214' title='bbox 723 3164 756 3225; x_wconf 93' lang='lat' dir='ltr'><strong>in</strong></span> <span class='ocrx_word' id='word_1_215' title='bbox 788 3181 826 3227; x_wconf 92' lang='lat' dir='ltr'><strong>eo</strong></span> <span class='ocrx_word' id='word_1_216' title='bbox 856 3164 1050 3228; x_wconf 89' lang='lat' dir='ltr'><strong>recentiores</strong></span> <span class='ocrx_word' id='word_1_217' title='bbox 1078 3165 1247 3247; x_wconf 86' lang='lat' dir='ltr'><strong>scriptores</strong></span> 
     </span>
    </p>
   </div>
   <div class='ocr_carea' id='block_1_3' title="bbox 1307 539 1313 2175">
    <p class='ocr_par' dir='ltr' id='par_1_3' title="bbox 1307 539 1313 2175">
     <span class='ocr_line' id='line_1_26' title="bbox 1307 539 1313 2175; baseline 0 0"><span class='ocrx_word' id='word_1_218' title='bbox 1307 539 1313 2175; x_wconf 95' lang='lat' dir='ltr'><strong> </strong></span> 
     </span>
    </p>
   </div>
   <div class='ocr_carea' id='block_1_4' title="bbox 136 3411 1302 4468">
    <p class='ocr_par' dir='ltr' id='par_1_4' title="bbox 136 3411 1302 4468">
     <span class='ocr_line' id='line_1_27' title="bbox 242 3411 1247 3481; baseline 0.001 -17"><span class='ocrx_word' id='word_1_219' title='bbox 242 3415 278 3481; x_wconf 69' lang='lat'><strong>²²)</strong></span> <span class='ocrx_word' id='word_1_220' title='bbox 308 3411 349 3465; x_wconf 84' lang='lat' dir='ltr'><strong>Gi.</strong></span> <span class='ocrx_word' id='word_1_221' title='bbox 363 3411 499 3465; x_wconf 86' lang='lat' dir='ltr'><strong>Eichborn</strong></span> <span class='ocrx_word' id='word_1_222' title='bbox 513 3415 559 3478; x_wconf 54' lang='grc' dir='ltr'><strong>ες.</strong></span> <span class='ocrx_word' id='word_1_223' title='bbox 575 3413 617 3465; x_wconf 84' lang='grc'><strong>15.</strong></span> <span class='ocrx_word' id='word_1_224' title='bbox 630 3412 675 3464; x_wconf 78' lang='grc'><strong>49.</strong></span> <span class='ocrx_word' id='word_1_225' title='bbox 685 3428 724 3480; x_wconf 84' lang='lat' dir='ltr'><strong>sq.</strong></span> <span class='ocrx_word' id='word_1_226' title='bbox 864 3415 900 3481; x_wconf 81' lang='lat'><strong>²⁸)</strong></span> <span class='ocrx_word' id='word_1_227' title='bbox 923 3412 1024 3480; x_wconf 81' lang='lat' dir='ltr'><strong>Grupp.</strong></span> <span class='ocrx_word' id='word_1_228' title='bbox 1039 3413 1124 3467; x_wconf 78' lang='lat' dir='ltr'><strong>lieett</strong></span> <span class='ocrx_word' id='word_1_229' title='bbox 1138 3430 1164 3466; x_wconf 90' lang='grc' dir='ltr'><strong>ιι.</strong></span> <span class='ocrx_word' id='word_1_230' title='bbox 1180 3413 1247 3467; x_wconf 84' lang='lat' dir='ltr'><strong>Ver-</strong></span> 
     </span>
     <span class='ocr_line' id='line_1_28' title="bbox 139 3507 1247 3579; baseline 0.004 -19"><span class='ocrx_word' id='word_1_231' title='bbox 139 3511 249 3578; x_wconf 73' lang='lat' dir='ltr'><strong>frmunp</strong></span> <span class='ocrx_word' id='word_1_232' title='bbox 268 3509 292 3560; x_wconf 82' lang='lat' dir='ltr'><strong>d.</strong></span> <span class='ocrx_word' id='word_1_233' title='bbox 307 3507 379 3561; x_wconf 74' lang='lat' dir='ltr'><strong>alten</strong></span> <span class='ocrx_word' id='word_1_234' title='bbox 396 3509 523 3561; x_wconf 79' lang='lat' dir='ltr'><strong>Sucbeen.</strong></span> <span class='ocrx_word' id='word_1_235' title='bbox 542 3508 651 3560; x_wconf 72' lang='lat' dir='ltr'><strong>vratisl.</strong></span> <span class='ocrx_word' id='word_1_236' title='bbox 663 3508 740 3561; x_wconf 79' lang='lat'><strong>1837.</strong></span> <span class='ocrx_word' id='word_1_237' title='bbox 753 3507 792 3560; x_wconf 78' lang='lat'><strong>8⁰.</strong></span> <span class='ocrx_word' id='word_1_238' title='bbox 805 3522 831 3574; x_wconf 89' lang='lat' dir='ltr'><strong>p.</strong></span> <span class='ocrx_word' id='word_1_239' title='bbox 843 3510 902 3563; x_wconf 79' lang='lat'><strong>105.</strong></span> <span class='ocrx_word' id='word_1_240' title='bbox 915 3509 1043 3579; x_wconf 83' lang='lat' dir='ltr'><strong>219.sqq.</strong></span> <span class='ocrx_word' id='word_1_241' title='bbox 1082 3509 1173 3562; x_wconf 83' lang='lat' dir='ltr'><strong>Eiusd.</strong></span> <span class='ocrx_word' id='word_1_242' title='bbox 1190 3512 1247 3564; x_wconf 81' lang='lat' dir='ltr'><strong>Dae</strong></span> 
     </span>
     <span class='ocr_line' id='line_1_29' title="bbox 139 3603 1247 3677; baseline 0.002 -19"><span class='ocrx_word' id='word_1_243' title='bbox 139 3607 194 3658; x_wconf 77' lang='lat' dir='ltr'><strong>alte</strong></span> <span class='ocrx_word' id='word_1_244' title='bbox 214 3608 307 3658; x_wconf 73' lang='lat' dir='ltr'><strong>Gereta</strong></span> <span class='ocrx_word' id='word_1_245' title='bbox 333 3606 379 3658; x_wconf 80' lang='lat' dir='ltr'><strong>der</strong></span> <span class='ocrx_word' id='word_1_246' title='bbox 397 3607 549 3675; x_wconf 74' lang='lat' dir='ltr'><strong>Tbrtrinqer.</strong></span> <span class='ocrx_word' id='word_1_247' title='bbox 569 3605 678 3658; x_wconf 82' lang='lat' dir='ltr'><strong>Vrctisl.</strong></span> <span class='ocrx_word' id='word_1_248' title='bbox 691 3605 767 3657; x_wconf 74' lang='lat'><strong>1834.</strong></span> <span class='ocrx_word' id='word_1_249' title='bbox 777 3603 815 3656; x_wconf 83' lang='lat'><strong>8⁰.</strong></span> <span class='ocrx_word' id='word_1_250' title='bbox 833 3619 859 3671; x_wconf 89' lang='lat' dir='ltr'><strong>p.</strong></span> <span class='ocrx_word' id='word_1_251' title='bbox 873 3606 933 3658; x_wconf 77' lang='lat'><strong>149.</strong></span> <span class='ocrx_word' id='word_1_252' title='bbox 944 3621 1001 3674; x_wconf 86' lang='lat' dir='ltr'><strong>sqq.</strong></span> <span class='ocrx_word' id='word_1_253' title='bbox 1146 3612 1183 3677; x_wconf 76' lang='lat'><strong>²⁴)</strong></span> <span class='ocrx_word' id='word_1_254' title='bbox 1205 3607 1247 3660; x_wconf 75' lang='lat' dir='ltr'><strong>Dc</strong></span> 
     </span>
     <span class='ocr_line' id='line_1_30' title="bbox 139 3702 1246 3773; baseline 0.001 -19"><span class='ocrx_word' id='word_1_255' title='bbox 139 3703 217 3754; x_wconf 85' lang='lat' dir='ltr'><strong>Lretis</strong></span> <span class='ocrx_word' id='word_1_256' title='bbox 246 3703 316 3773; x_wconf 76' lang='lat' dir='ltr'><strong>legio</strong></span> <span class='ocrx_word' id='word_1_257' title='bbox 342 3703 447 3756; x_wconf 77' lang='lat' dir='ltr'><strong>Saliene</strong></span> <span class='ocrx_word' id='word_1_258' title='bbox 475 3706 595 3771; x_wconf 80' lang='lat' dir='ltr'><strong>apprime</strong></span> <span class='ocrx_word' id='word_1_259' title='bbox 623 3702 655 3753; x_wconf 89' lang='lat' dir='ltr'><strong>ad</strong></span> <span class='ocrx_word' id='word_1_260' title='bbox 682 3718 737 3753; x_wconf 88' lang='lat' dir='ltr'><strong>rem</strong></span> <span class='ocrx_word' id='word_1_261' title='bbox 763 3708 880 3753; x_wconf 85' lang='lat' dir='ltr'><strong>nostram</strong></span> <span class='ocrx_word' id='word_1_262' title='bbox 907 3703 947 3754; x_wconf 83' lang='lat' dir='ltr'><strong>ric</strong></span> <span class='ocrx_word' id='word_1_263' title='bbox 974 3703 1090 3769; x_wconf 74' lang='lat' dir='ltr'><strong>disputat</strong></span> <span class='ocrx_word' id='word_1_264' title='bbox 1116 3703 1146 3756; x_wconf 82' lang='lat' dir='ltr'><strong>G.</strong></span> <span class='ocrx_word' id='word_1_265' title='bbox 1160 3705 1246 3757; x_wconf 83' lang='lat' dir='ltr'><strong>Waitc</strong></span> 
     </span>
     <span class='ocr_line' id='line_1_31' title="bbox 140 3797 1247 3872; baseline 0.001 -19"><span class='ocrx_word' id='word_1_266' title='bbox 140 3801 211 3872; x_wconf 80' lang='lat' dir='ltr'><strong>(Dae</strong></span> <span class='ocrx_word' id='word_1_267' title='bbox 240 3801 294 3852; x_wconf 78' lang='lat' dir='ltr'><strong>alte</strong></span> <span class='ocrx_word' id='word_1_268' title='bbox 314 3800 397 3853; x_wconf 83' lang='lat' dir='ltr'><strong>llecbt</strong></span> <span class='ocrx_word' id='word_1_269' title='bbox 418 3801 465 3852; x_wconf 84' lang='lat' dir='ltr'><strong>der</strong></span> <span class='ocrx_word' id='word_1_270' title='bbox 485 3798 540 3852; x_wconf 76' lang='lat' dir='ltr'><strong>sat.</strong></span> <span class='ocrx_word' id='word_1_271' title='bbox 562 3798 694 3851; x_wconf 65' lang='lat' dir='ltr'><strong>Praebere.</strong></span> <span class='ocrx_word' id='word_1_272' title='bbox 716 3797 787 3850; x_wconf 67' lang='lat' dir='ltr'><strong>litet.</strong></span> <span class='ocrx_word' id='word_1_273' title='bbox 805 3798 882 3852; x_wconf 78' lang='lat'><strong>1846.</strong></span> <span class='ocrx_word' id='word_1_274' title='bbox 901 3800 940 3852; x_wconf 81' lang='lat'><strong>8⁰.</strong></span> <span class='ocrx_word' id='word_1_275' title='bbox 957 3814 983 3867; x_wconf 83' lang='lat' dir='ltr'><strong>p.</strong></span> <span class='ocrx_word' id='word_1_276' title='bbox 1004 3800 1047 3854; x_wconf 83' lang='lat'><strong>99.</strong></span> <span class='ocrx_word' id='word_1_277' title='bbox 1060 3803 1128 3871; x_wconf 86' lang='lat' dir='ltr'><strong>sq.):</strong></span> <span class='ocrx_word' id='word_1_278' title='bbox 1149 3802 1247 3868; x_wconf 74' lang='lat' dir='ltr'><strong>„beten</strong></span> 
     </span>
     <span class='ocr_line' id='line_1_32' title="bbox 140 3895 1246 3966; baseline 0.001 -15"><span class='ocrx_word' id='word_1_279' title='bbox 140 3900 204 3951; x_wconf 78' lang='lat' dir='ltr'><strong>oder</strong></span> <span class='ocrx_word' id='word_1_280' title='bbox 222 3900 308 3952; x_wconf 77' lang='lat' dir='ltr'><strong>Litora.</strong></span> <span class='ocrx_word' id='word_1_281' title='bbox 341 3899 431 3951; x_wconf 84' lang='lat' dir='ltr'><strong>Weder</strong></span> <span class='ocrx_word' id='word_1_282' title='bbox 450 3897 595 3949; x_wconf 72' lang='lat' dir='ltr'><strong>adeladem</strong></span> <span class='ocrx_word' id='word_1_283' title='bbox 616 3895 749 3966; x_wconf 79' lang='lat' dir='ltr'><strong>Ursprunq</strong></span> <span class='ocrx_word' id='word_1_284' title='bbox 769 3896 813 3947; x_wconf 86' lang='lat' dir='ltr'><strong>des</strong></span> <span class='ocrx_word' id='word_1_285' title='bbox 832 3897 947 3949; x_wconf 71' lang='lat' dir='ltr'><strong>Nemeae</strong></span> <span class='ocrx_word' id='word_1_286' title='bbox 970 3898 1038 3950; x_wconf 79' lang='lat' dir='ltr'><strong>noclt</strong></span> <span class='ocrx_word' id='word_1_287' title='bbox 1058 3899 1101 3951; x_wconf 82' lang='lat' dir='ltr'><strong>der</strong></span> <span class='ocrx_word' id='word_1_288' title='bbox 1124 3898 1246 3952; x_wconf 72' lang='lat' dir='ltr'><strong>vertute-</strong></span> 
     </span>
     <span class='ocr_line' id='line_1_33' title="bbox 138 3994 1247 4063; baseline 0.001 -15"><span class='ocrx_word' id='word_1_289' title='bbox 138 3997 225 4048; x_wconf 79' lang='lat' dir='ltr'><strong>m&#39;rrer</strong></span> <span class='ocrx_word' id='word_1_290' title='bbox 244 3997 309 4048; x_wconf 80' lang='lat' dir='ltr'><strong>bale</strong></span> <span class='ocrx_word' id='word_1_291' title='bbox 328 3996 371 4047; x_wconf 75' lang='lat' dir='ltr'><strong>iet</strong></span> <span class='ocrx_word' id='word_1_292' title='bbox 390 4011 426 4046; x_wconf 85' lang='lat' dir='ltr'><strong>rm</strong></span> <span class='ocrx_word' id='word_1_293' title='bbox 445 3995 530 4046; x_wconf 81' lang='lat' dir='ltr'><strong>dieser</strong></span> <span class='ocrx_word' id='word_1_294' title='bbox 546 3994 626 4045; x_wconf 82' lang='lat' dir='ltr'><strong>Stelle</strong></span> <span class='ocrx_word' id='word_1_295' title='bbox 644 4011 676 4044; x_wconf 76' lang='lat' dir='ltr'><strong>aar</strong></span> <span class='ocrx_word' id='word_1_296' title='bbox 693 3997 799 4063; x_wconf 66' lang='lat' dir='ltr'><strong>freyen,</strong></span> <span class='ocrx_word' id='word_1_297' title='bbox 819 3994 885 4046; x_wconf 81' lang='lat' dir='ltr'><strong>doclr</strong></span> <span class='ocrx_word' id='word_1_298' title='bbox 902 3994 1020 4047; x_wconf 82' lang='lat' dir='ltr'><strong>bemerlre</strong></span> <span class='ocrx_word' id='word_1_299' title='bbox 1038 3996 1082 4048; x_wconf 76' lang='lat' dir='ltr'><strong>tet</strong></span> <span class='ocrx_word' id='word_1_300' title='bbox 1095 3995 1154 4048; x_wconf 77' lang='lat' dir='ltr'><strong>durs</strong></span> <span class='ocrx_word' id='word_1_301' title='bbox 1167 3997 1247 4062; x_wconf 76' lang='lat' dir='ltr'><strong>jener</strong></span> 
     </span>
     <span class='ocr_line' id='line_1_34' title="bbox 140 4092 1246 4164; baseline 0 -18"><span class='ocrx_word' id='word_1_302' title='bbox 140 4092 309 4164; x_wconf 72' lang='lat' dir='ltr'><strong>repelmdrsiq</strong></span> <span class='ocrx_word' id='word_1_303' title='bbox 327 4109 379 4145; x_wconf 81' lang='lat' dir='ltr'><strong>mar</strong></span> <span class='ocrx_word' id='word_1_304' title='bbox 399 4092 440 4143; x_wconf 84' lang='lat' dir='ltr'><strong>bei</strong></span> <span class='ocrx_word' id='word_1_305' title='bbox 458 4092 689 4144; x_wconf 73' lang='lat' dir='ltr'><strong>niederdeotrcbcn</strong></span> <span class='ocrx_word' id='word_1_306' title='bbox 707 4093 848 4158; x_wconf 79' lang='lat' dir='ltr'><strong>Stdmmen,</strong></span> <span class='ocrx_word' id='word_1_307' title='bbox 866 4092 985 4145; x_wconf 71' lang='lat' dir='ltr'><strong>sarlaten</strong></span> <span class='ocrx_word' id='word_1_308' title='bbox 1002 4093 1058 4145; x_wconf 78' lang='lat' dir='ltr'><strong>uad</strong></span> <span class='ocrx_word' id='word_1_309' title='bbox 1075 4093 1183 4146; x_wconf 80' lang='lat' dir='ltr'><strong>Frierrn</strong></span> <span class='ocrx_word' id='word_1_310' title='bbox 1201 4093 1246 4146; x_wconf 81' lang='lat' dir='ltr'><strong>be-</strong></span> 
     </span>
     <span class='ocr_line' id='line_1_35' title="bbox 139 4187 1302 4261; baseline 0.001 -19"><span class='ocrx_word' id='word_1_311' title='bbox 139 4199 242 4261; x_wconf 67' lang='lat' dir='ltr'><strong>ycyuet.</strong></span> <span class='ocrx_word' id='word_1_312' title='bbox 281 4191 337 4242; x_wconf 76' lang='lat' dir='ltr'><strong>Dar</strong></span> <span class='ocrx_word' id='word_1_313' title='bbox 357 4191 446 4242; x_wconf 73' lang='lat' dir='ltr'><strong>(loreto</strong></span> <span class='ocrx_word' id='word_1_314' title='bbox 459 4190 527 4259; x_wconf 75' lang='lat' dir='ltr'><strong>qiebt</strong></span> <span class='ocrx_word' id='word_1_315' title='bbox 547 4189 641 4240; x_wconf 72' lang='lat' dir='ltr'><strong>leer&#39;uen</strong></span> <span class='ocrx_word' id='word_1_316' title='bbox 660 4187 813 4256; x_wconf 73' lang='lat' dir='ltr'><strong>Aufrcltlrrrr</strong></span> <span class='ocrx_word' id='word_1_317' title='bbox 832 4190 864 4241; x_wconf 83' lang='lat' dir='ltr'><strong>ob</strong></span> <span class='ocrx_word' id='word_1_318' title='bbox 881 4190 920 4241; x_wconf 77' lang='lat' dir='ltr'><strong>sie</strong></span> <span class='ocrx_word' id='word_1_319' title='bbox 936 4191 984 4241; x_wconf 77' lang='lat' dir='ltr'><strong>enit</strong></span> <span class='ocrx_word' id='word_1_320' title='bbox 1002 4189 1052 4242; x_wconf 80' lang='lat' dir='ltr'><strong>den</strong></span> <span class='ocrx_word' id='word_1_321' title='bbox 1061 4190 1168 4243; x_wconf 73' lang='lat' dir='ltr'><strong>Saliam</strong></span> <span class='ocrx_word' id='word_1_322' title='bbox 1187 4192 1246 4243; x_wconf 78' lang='lat' dir='ltr'><strong>ein-</strong></span> <span class='ocrx_word' id='word_1_323' title='bbox 1299 4254 1302 4261; x_wconf 29' lang='grc' dir='ltr'>Ι</span> 
     </span>
     <span class='ocr_line' id='line_1_36' title="bbox 136 4286 1301 4358; baseline 0 -18"><span class='ocrx_word' id='word_1_324' title='bbox 136 4288 292 4358; x_wconf 69' lang='grc' dir='ltr'><strong><em>-ςειιιιιιᾱιιι</em></strong></span> <span class='ocrx_word' id='word_1_325' title='bbox 319 4288 382 4339; x_wconf 84' lang='lat' dir='ltr'><strong>oder</strong></span> <span class='ocrx_word' id='word_1_326' title='bbox 408 4289 438 4339; x_wconf 82' lang='grc' dir='ltr'><strong>ιἰι</strong></span> <span class='ocrx_word' id='word_1_327' title='bbox 463 4287 510 4339; x_wconf 85' lang='lat' dir='ltr'><strong>der</strong></span> <span class='ocrx_word' id='word_1_328' title='bbox 535 4302 620 4339; x_wconf 72' lang='grc' dir='ltr'><strong><em>ιιειιιιι</em></strong></span> <span class='ocrx_word' id='word_1_329' title='bbox 649 4287 771 4339; x_wconf 77' lang='lat' dir='ltr'><strong>lletmctla</strong></span> <span class='ocrx_word' id='word_1_330' title='bbox 793 4303 845 4339; x_wconf 78' lang='lat' dir='ltr'><strong>oon</strong></span> <span class='ocrx_word' id='word_1_331' title='bbox 870 4287 951 4339; x_wconf 77' lang='grc' dir='ltr'><strong><em>ιἸιιιιιι</em></strong></span> <span class='ocrx_word' id='word_1_332' title='bbox 975 4288 1154 4356; x_wconf 75' lang='lat' dir='ltr'><strong>oorqesranden</strong></span> <span class='ocrx_word' id='word_1_333' title='bbox 1177 4286 1244 4342; x_wconf 70' lang='lat' dir='ltr'><strong>sind</strong></span> <span class='ocrx_word' id='word_1_334' title='bbox 1299 4316 1301 4323; x_wconf 86' lang='grc'><strong><em>·</em></strong></span> 
     </span>
     <span class='ocr_line' id='line_1_37' title="bbox 139 4384 1301 4468; baseline -0.004 -26"><span class='ocrx_word' id='word_1_335' title='bbox 139 4385 212 4442; x_wconf 71' lang='lat' dir='ltr'><strong>Doro</strong></span> <span class='ocrx_word' id='word_1_336' title='bbox 237 4403 285 4439; x_wconf 85' lang='grc' dir='ltr'><strong><em>ιιιιι</em></strong></span> <span class='ocrx_word' id='word_1_337' title='bbox 300 4386 384 4452; x_wconf 76' lang='lat' dir='ltr'><strong>jener</strong></span> <span class='ocrx_word' id='word_1_338' title='bbox 401 4386 548 4439; x_wconf 71' lang='lat' dir='ltr'><strong>romircberr</strong></span> <span class='ocrx_word' id='word_1_339' title='bbox 571 4386 661 4438; x_wconf 76' lang='lat' dir='ltr'><strong>Loetera</strong></span> <span class='ocrx_word' id='word_1_340' title='bbox 684 4386 726 4438; x_wconf 82' lang='lat' dir='ltr'><strong>die</strong></span> <span class='ocrx_word' id='word_1_341' title='bbox 747 4384 887 4468; x_wconf 58' lang='lat' dir='ltr'><strong>§doctas</strong></span> <span class='ocrx_word' id='word_1_342' title='bbox 909 4386 991 4441; x_wconf 77' lang='lat' dir='ltr'><strong>Leton</strong></span> <span class='ocrx_word' id='word_1_343' title='bbox 1013 4386 1246 4456; x_wconf 69' lang='lat' dir='ltr'><strong>benorqeqaopeb</strong></span> <span class='ocrx_word' id='word_1_344' title='bbox 1297 4410 1301 4445; x_wconf 73' lang='grc' dir='ltr'>ς</span> 
     </span>
    </p>
   </div>
   <div class='ocr_carea' id='block_1_5' title="bbox 1309 3332 1315 4098">
    <p class='ocr_par' dir='ltr' id='par_1_5' title="bbox 1309 3332 1315 4098">
     <span class='ocr_line' id='line_1_38' title="bbox 1309 3332 1315 4098; baseline 0 0"><span class='ocrx_word' id='word_1_345' title='bbox 1309 3332 1315 4098; x_wconf 95' lang='lat' dir='ltr'><strong> </strong></span> 
     </span>
    </p>
   </div>
   <div class='ocr_carea' id='block_1_6' title="bbox 93 4542 1297 4643">
    <p class='ocr_par' dir='ltr' id='par_1_6' title="bbox 93 4542 1297 4643">
     <span class='ocr_line' id='line_1_39' title="bbox 93 4542 1297 4643; baseline -0.012 1"><span class='ocrx_word' id='word_1_346' title='bbox 93 4542 1297 4643; x_wconf 47' lang='grc' dir='ltr'>Ι--Μ-Ι·</span> 
     </span>
    </p>
   </div>
   <div class='ocr_carea' id='block_1_7' title="bbox 0 0 1466 4914">
    <p class='ocr_par' dir='ltr' id='par_1_7' title="bbox 0 0 1466 4914">
     <span class='ocr_line' id='line_1_40' title="bbox 0 0 1466 4914; baseline 0 0"><span class='ocrx_word' id='word_1_347' title='bbox 0 0 1466 4914; x_wconf 95' lang='lat' dir='ltr'><strong> </strong></span> 
     </span>
    </p>
   </div>
  </div>
 </body>
</html>
