2918 4914
102 1746 118 1794 b

394 403 435 457 ut
459 355 541 459 uren
567 405 604 462 nr
626 404 776 454 rascems
801 405 984 457 stantunus.
1142 382 1231 460 807*

130 604 243 681 stolas,
271 621 397 686 querum
429 622 506 668 vero
534 605 751 685 inscriptiones
783 614 975 688 nequaquem
1006 625 1023 674 a
1054 607 1232 689 suspicione

129 713 271 779 falsitatis
291 713 408 778 liberas
430 720 509 793 sunt,
531 714 705 779 nonnullae
723 715 860 780 Ducibus
877 716 1039 781 Sardiniae
1060 716 1234 801 llegietrie·

130 841 190 905 que
212 824 338 891 llilitum
359 825 487 893 Airicae
510 825 600 891 datae
623 826 775 908 leguntur.
827 828 940 893 Verum
961 829 1147 893 remotiores
1167 827 1233 893 bee

130 935 261 1000 suntab
284 935 324 999 iis
348 932 554 1016 temporibus,
579 936 618 1002 ad
643 939 722 1018 quae
742 936 793 1001 bic
815 936 895 1003 liber
915 943 1051 1019 epectat3
1071 943 1103 1001 at
1126 943 1234 1002 nenne

129 1045 287 1129 proximus
308 1045 419 1110 iisdem
441 1044 600 1111 Claudiani
620 1048 894 1130 panegyricus-de
913 1048 1073 1113 consulatu
1087 1047 1234 1132 lllllnllii
1343 1124 1346 1131 p
1425 1021 1430 1028 .

130 1156 286 1221 l'beodori
309 1163 373 1235 est,
397 1174 486 1238 quem
510 1163 641 1220 exeunte
664 1156 790 1241 saeculo
815 1165 923 1240 quarto
947 1159 1133 1242 composuit,
1148 1152 1235 1242 pau.

131 1268 176 1330 cis
197 1266 287 1330 annis
312 1271 382 1328 ante
401 1265 482 1329 hanc
503 1267 649 1330 Notitiam
670 1269 827 1348 scriptam,
851 1269 881 1331 in
905 1287 964 1351 quo
988 1270 1151 1334 biversus
1164 1270 1233 1336 198.

130 1368 198 1458 sqq.
212 1382 307 1457 (quos
330 1393 393 1438 non
418 1374 587 1458 neglegere
609 1375 768 1455 debebam,
793 1397 862 1441 cnm
885 1379 923 1442 ad
946 1380 1233 1463 p.47·.ii.11.sq.
1352 1377 1357 1394 '

131 1486 171 1549 de
189 1483 292 1547 Trium
306 1484 540 1564 prouinciarum
554 1486 678 1558 nomine
700 1488 797 1557 verbe
809 1488 962 1567 lacerem)
985 1489 1149 1556 admodum
1167 1509 1237 1557 me-

130 1595 296 1659 morabiles
319 1596 478 1679 leguntur:
522 1613 524 1616 ’

202 1742 225 1772 „.
246 1743 252 1755 .
273 1741 281 1757 .
300 1742 307 1756 .
329 1705 449 1761 trudente
469 1705 520 1759 des
538 1706 668 1778 [iustine]
691 1708 811 1775 suscepit
831 1707 1006 1782 [liudem]
1019 1709 1136 1764 iubenes

201 1801 339 1881 Quattuor,
360 1803 463 1874 ingenti
481 1803 550 1857 luris
567 1810 674 1862 temone
693 1805 811 1859 retusae:

201 1899 290 1953 Prima
308 1899 406 1953 Pedum
425 1900 593 1970 Tiberimque
612 1900 680 1972 ligat
701 1901 854 1970 crebrisque
872 1904 1014 1961 micantem

202 1996 316 2050 Urbibus
330 1997 451 2064 ltaliam;
470 1997 567 2066 Libyae
587 1997 745 2067 Poenosque
761 1997 877 2051 secundo

204 2093 359 2162 Temperat3
380 2095 487 2163 illyrico
506 2110 535 2148 se
555 2097 634 2147 tertis
650 2094 762 2165 porrigit
781 2094 855 2159 orbi;

205 2192 301 2245 Ultima
320 2193 474 2258 Sardiniam,
493 2190 600 2260 Cyrnon
619 2192 786 2262 trifidamque
803 2197 920 2244 retentat

202 2290 333 2343 Sicanium
354 2298 381 2342 et
398 2288 525 2358 quicquid
545 2289 679 2356 Tyrrhena
698 2288 817 2340 tunditur
832 2288 902 2340 unda

204 2384 254 2460 llel
274 2388 357 2458 gemit
372 2382 455 2438 lunia.
482 2401 534 2438 nec
551 2384 587 2437 'l'e
605 2393 646 2437 tot
664 2385 755 2438 lirnina
775 2400 862 2437 rerum

210 2484 264 2536 Aut
280 2491 381 2536 tantum
396 2484 513 2536 turbauit
530 2498 597 2535 onus
614 2521 845 2536 ......
848 2490 862 2520 “

129 2581 247 2664 Aperte
276 2587 418 2662 quattuor
439 2582 655 2663 praetorianae
676 2580 891 2664 praefecturae
921 2578 1047 2642 italicae
1076 2576 1239 2647 dioeceses

99 2756 103 2763 ,
129 2688 387 2757 siue‘viaariatus
411 2697 555 2756 recenset
575 2698 676 2773 poeta,
702 2709 830 2772 querum
851 2689 967 2768 ultima,
992 2687 1094 2751 Trium
1117 2685 1240 2751 lunia-

130 2819 209 2882 rum,
233 2801 406 2881 Sardiniae,
429 2803 576 2866 Corsicae
599 2808 629 2866 et
650 2801 774 2866 Siciliae
797 2819 866 2863 cuns
888 2799 1015 2882 reliquis
1034 2797 1126 2861 'lusci
1143 2797 1241 2862 lunii-

132 2929 192 2994 que
212 2912 305 2975 maris
329 2912 447 2991 insulis,
472 2912 492 2974 i.
506 2918 670 2992 epraeter
692 2911 837 2974 Baleares
860 2928 928 2973 cum
951 2907 1081 2991 Pitpusis
1106 2927 1144 2970 ac
1163 2925 1240 2988 pur-

130 3039 187 3085 uss
211 3021 321 3084 Gallici
343 3022 554 3105 Ligusticique
583 3020 731 3084 iratorum
756 3037 873 3100 easque
897 3036 980 3099 quse,
1009 3018 1040 3080 in
1060 3015 1238 3079 Hadriatico

133 3137 204 3196 eunt
234 3131 301 3194 siue
322 3131 533 3209 Dalmatinas,
558 3130 699 3192 omnibus
722 3129 761 3192 ad
785 3128 966 3194 Occidentis
991 3126 1111 3208 imperii
1137 3131 1239 3206 partes

131 3241 406 3323 pertinentibusi,
432 3240 510 3320 apud
541 3240 691 3303 nerninem
717 3239 808 3303 aliurn
838 3256 928 3320 quem
951 3236 1018 3300 scio
1042 3239 1238 3298 memorsttrr.
1311 3223 1315 3230 ⁴

114 3369 235 3433 ¹neque
256 3350 409 3431 propriam
431 3350 534 3413 Trium
556 3349 726 3412 insularum
745 3366 878 3429 unquam
901 3345 1063 3410 dioecesin
1084 3343 1240 3407 exstitisse

133 3460 337 3537 crediderim
359 3459 414 3523 sed
438 3464 490 3523 aut
511 3459 653 3521 licentius
678 3465 769 3539 poeta
789 3457 911 3520 loculus
931 3462 988 3535 est,
1005 3454 1139 3518 tortasse
1155 3451 1238 3532 ideo,

133 3571 215 3654 qnod
239 3570 424 3636 Theodorus
451 3570 624 3652 insignem,
650 3587 718 3633 cum
743 3567 848 3631 ltaliae
868 3583 926 3647 pro
947 3565 1107 3647 praelecto
1130 3564 1241 3628 iterum

120 3664 311 3765 praeesset,
337 3681 446 3744 insulis
464 3680 531 3761 ipse
554 3680 679 3744 easdem
704 3695 873 3761 peragrans
900 3675 1091 3759 diligentiam
1115 3692 1240 3739 cumra-

132 3810 191 3874 que
214 3791 399 3870 exhibuerit,
423 3797 474 3854 aut
496 3796 581 3854 certe
602 3789 692 3852 unius
718 3794 833 3851 tantum
855 3786 927 3850 anni
948 3785 1050 3849 'ltiuns
1072 3782 1238 3848 insularum

131 3921 151 3967 a
175 3901 288 3965 ceteris
311 3900 417 3964 ltaliae
436 3901 604 3982 provinciis
629 3901 742 3963 divisio
763 3899 828 3962 fuit.
851 3897 926 3960 mibi
943 3895 1066 3979 quidem
1081 3894 1157 3959 illud
1170 3894 1240 3978 ple·
1262 3926 1272 3944 .

133 4017 200 4091 cet,
224 4011 280 4074 sed
303 4010 428 4074 videant
450 4009 503 4074 alii
526 4029 597 4074 num
620 4010 692 4092 quid
716 4010 836 4091 possint
857 4008 973 4072 recum
995 4007 1175 4090 excogitare
1196 4005 1237 4075 ad

142 4176 433 4189 ψ*-

239 4249 267 4314 *)
287 4245 327 4298 lle
346 4243 442 4313 quibus
463 4245 557 4298 insulis
573 4247 636 4297 vide
648 4244 755 4297 Ptimlt.
764 4244 795 4296 ll.
804 4242 849 4297 tlt.
860 4244 885 4297 5.
894 4258 959 4312 sqq,
979 4243 1098 4294 ltmerit.
1107 4256 1157 4308 ep.
1152 4238 1236 4291 Wes-

132 4342 231 4414 ulinq.
238 4358 263 4412 p.
271 4341 334 4399 est.
346 4357 404 4412 sqq.
413 4343 546 4415 etGeoqt.
553 4342 653 4401 lise..V
662 4341 705 4396 23.
718 4355 777 4409 sqq
