2918 4914
190 230 224 281 d

711 277 926 285 --——-.-—-.
936 278 954 284 .-
964 276 1101 283 -—-—.---

246 381 361 455 1060*
374 405 492 456 mnes.
502 407 543 456 su
554 408 1083 461 nosocomo.mememoratur
1091 408 1344 460 mentesanae.

243 603 376 668 maxime
396 615 559 688 propterea
582 611 663 691 quod
682 612 762 672 inter
775 611 870 674 rerba
886 609 1039 673 Loetontm
1050 609 1347 691 decoramen.

241 715 369 798 ittsq.
386 719 481 800 17.sq.
496 720 596 800 disq.
611 720 725 802 aliquid
747 721 902 784 excidisse
925 737 1015 782 nemo
1036 718 1264 796 animadvertit,
1288 716 1348 781 sed

244 828 335 890 etiam
368 830 448 910 quod
478 830 629 893 Laetorum
661 831 886 910 Sarmatarum,
921 829 1028 913 quales
1059 848 1122 893 non
1151 828 1248 892 solum
1283 845 1349 890 non

241 941 418 1019 memorari,
441 941 499 1002 sed
523 959 676 1023 nunquam
701 943 856 1006 exstitisse
874 962 965 1024 supra
988 937 1170 1020 monuimus,
1192 940 1346 1002 ciente.

243 1048 343 1114 ΤΗ.
366 1051 405 1113 de
431 1052 585 1114 veteranis
608 1052 795 1116 mentionem
823 1053 888 1116 lieri
918 1053 1058 1134 opinatus
1082 1057 1145 1129 cst;
1174 1057 1235 1113 tum
1261 1049 1349 1130 quod

243 1164 329 1222 reete
350 1161 472 1243 quidem
494 1162 593 1224 Laetos
616 1182 655 1226 ex
675 1164 852 1245 gentilibus,
876 1163 936 1226 ie.
949 1162 1090 1226 barbaris
1112 1161 1244 1243 populis,
1267 1159 1349 1223 oriri

244 1269 433 1349 observavit,
458 1289 558 1353 neque
583 1291 657 1335 vero
681 1275 816 1355 speciem
839 1293 857 1336 a
877 1292 995 1359 genere
1018 1273 1093 1336 satis
1116 1277 1205 1334 caute
1231 1270 1350 1333 distin-

241 1380 296 1442 xit.
340 1379 468 1444 Veteres
495 1383 651 1447 Sarmatas
682 1401 803 1464 qunque
836 1384 966 1446 similem
987 1382 1163 1447 Germanici
1191 1379 1351 1461 quendam

242 1487 375 1553 medium
391 1489 471 1552 inter
491 1489 607 1554 liberos
622 1511 794 1574 servosque
807 1500 917 1557 statum
938 1493 1094 1570 habuisse,
1116 1498 1150 1553 ut
1167 1492 1352 1571 incomper-

240 1602 300 1661 tum
324 1599 482 1679 habemus,
506 1600 547 1663 ita
564 1620 623 1665 nec
637 1604 702 1666 veri
725 1604 847 1685 quidem
865 1602 965 1666 simile
985 1602 1152 1665 videtur⁵⁷.
1177 1616 1255 1682 quos
1270 1616 1351 1662 vero

241 1708 355 1773 Notitia
377 1711 477 1773 Laetos
505 1719 667 1793 recenset,
693 1714 715 1776 ii
747 1731 853 1776 ornnes
879 1712 1132 1776 Germanicorum
1163 1709 1353 1791 populorum

244 1824 324 1899 sunt,
345 1819 487 1901 idemque
508 1823 591 1904 quod
613 1842 629 1885 a
652 1823 774 1886 Zosimo
795 1818 888 1897 ἔθνος
910 1818 1091 1885 Γαλατικὸν
1111 1819 1269 1901 appellari,
1296 1820 1353 1882 lu-

239 1927 355 1994 lianum
383 1930 454 2013 imp.
469 1932 523 2015 τῆς
545 1929 606 1993 a'nd
636 1933 808 2015 Γερμανῶν
831 1933 917 2007 laiac
936 1930 1142 2012 appellatione
1168 1929 1351 2010 exprimere

241 2057 332 2121 supra
354 2039 496 2104 vidimus.
539 2041 595 2104 Vel
618 2048 651 2105 ut
672 2042 744 2105 olim
766 2042 816 2105 irie
838 2042 971 2106 Notitiae
988 2041 1027 2104 de
1040 2040 1129 2104 Laetis
1151 2039 1350 2103 Gentilibus-

242 2168 301 2233 que
322 2150 408 2215 locus
431 2151 602 2235 legebatur,
627 2159 789 2235 corruptus
813 2159 842 2215 et
865 2170 1009 2231 maneus,
1032 2150 1060 2215 si
1080 2150 1155 2213 satis
1179 2168 1248 2212 eum
1273 2168 1351 2231 per-

241 2424 279 2475 tis
288 2421 378 2491 δίψιοι.
391 2423 432 2475 dis
444 2421 596 2475 Ausdra'eks
614 2421 667 2474 laeti
684 2421 740 2475 aad
757 2422 873 2493 gentiles
887 2421 1017 2490 peredeus
1030 2416 1210 2473 sdveehelnd
1226 2419 1273 2484 {sir
1285 2417 1350 2470 das-

241 2518 310 2572 aede
326 2520 487 2572 Verhdltaiss
503 2520 646 2589 pedrasclst
666 2537 698 2572 sa
717 2522 773 2572 seis
793 2519 945 2571 saisinam
982 2516 1133 2584 stupendus
1153 2530 1217 2566 sane
1237 2513 1284 2565 laic
1303 2530 1349 2566 er-

137 2638 139 2643 .
242 2630 286 2667 ror
304 2622 362 2668 est:
386 2615 453 2668 nihil
473 2618 543 2668 enim
559 2617 709 2668 evidentius
730 2616 875 2686 significari
895 2621 983 2685 potest
1002 2629 1080 2683 quam
1099 2613 1166 2663 haec
1184 2611 1285 2663 Notitia
1300 2610 1349 2663 la-

242 2719 283 2764 tos
311 2713 481 2783 gentilesque
506 2713 725 2765 discriminandos
751 2729 810 2765 esse
833 2712 1002 2783 significavit.
1040 2711 1067 2762 id
1088 2725 1151 2762 vero
1174 2711 1195 2761 si
1218 2709 1351 2763 voluisset

244 2807 393 2876 (inoppino,
415 2809 484 2878 quod
504 2825 596 2861 verum
618 2817 672 2874 cst,
692 2809 810 2862 eiusdem
834 2809 891 2861 iere
911 2808 976 2860 iuris
995 2807 1213 2874 condicionisque
1229 2803 1351 2857 Gentiles

243 2911 324 2973 atque
343 2896 427 2956 Latos
446 2906 538 2971 fuisse,
558 2907 618 2959 aliis
639 2908 728 2959 verbis
747 2908 784 2957 uti
805 2905 927 2958 debebat.
964 2904 998 2957 Et
1008 2906 1049 2957 W.
1061 2903 1246 2957 Schaelluerus
1255 2902 1349 2954 (lascis.

242 3002 289 3053 der
300 3002 460 3070 Rechtwerl'.
472 3002 654 3056 Fraalcreieds.
665 3005 683 3055 l.
699 3004 739 3056 Fi.
750 3002 952 3055 adll.1845.8⁰.
963 3018 988 3069 p.
997 3002 1041 3055 21.
1053 2998 1255 3069 „lasiesondere
1264 2998 1351 3050 teitan

242 3099 284 3152 dte
304 3098 472 3152 cananaea
497 3100 696 3169 permaaisclren
717 3100 830 3168 Krieqer
855 3109 932 3151 enter
950 3098 1027 3150 ihren
1052 3098 1161 3165 eipenen
1181 3096 1350 3163 Anfstdrern,

240 3195 337 3249 ostede
356 3196 396 3248 die
407 3196 502 3249 didisset·
518 3212 597 3266 reges
616 3197 680 3248 oder
690 3196 777 3265 repuli
795 3203 922 3260 sonatan,
936 3194 1006 3247 nael
1022 3194 1107 3245 iissem
1119 3193 1228 3260 eiqesess
1238 3191 1351 3254 licente,

242 3294 308 3347 diosc
327 3293 410 3346 darei
429 3295 475 3346 dns
495 3294 668 3346 tttttsartaad
684 3294 729 3345 mit
748 3293 805 3344 dem
821 3298 885 3343 edm.
897 3291 996 3345 Reicies
1013 3290 1171 3342 verbunden.
1210 3288 1255 3339 Sis
1273 3305 1351 3340 seur-

242 3390 309 3455 den,
331 3390 390 3442 sosii
407 3391 444 3442 sis
464 3407 496 3441 su
519 3390 612 3443 diesem
640 3391 670 3441 in
692 3390 735 3440 ein
752 3387 1056 3456 Hdriqlreitsoerlidltns'ss
1075 3394 1180 3448 tratas,
1196 3385 1243 3434 mit
1265 3385 1352 3437 etam

241 3486 312 3538 mh
333 3488 408 3539 idrsr
432 3488 540 3555 &enen
560 3486 678 3556 Spraclrs
703 3486 889 3536 somanisirten
912 3484 997 3536 Warte
1020 3482 1073 3534 tan
1093 3483 1196 3555 (Lente)
1221 3488 1351 3549 qmannt,

241 3585 300 3638 ilice
318 3586 487 3653 Besitsanqen
506 3591 592 3636 tarrae
611 3583 723 3636 latione.
762 3582 813 3634 ota
830 3581 983 3633 lateinische
998 3579 1182 3647 Uedessetsanp
1200 3578 1268 3629 dieas
1280 3594 1351 3648 gen.

242 3681 320 3748 tiles3
339 3681 461 3735 sensilem
480 3681 584 3734 werden
602 3680 671 3732 auch
691 3679 763 3731 iside
780 3678 923 3730 identiscise
935 3678 1035 3729 Wdrtes
1052 3674 1210 3738 vertendos,
1222 3674 1352 3726 scissionis

244 3779 288 3829 eia
313 3778 464 3846 preelectus
488 3776 606 3829 laetorum
635 3775 774 3846 gentilium
800 3776 947 3827 suevorum
975 3772 1142 3825 dordonam
1188 3770 1256 3822 Sane
1282 3771 1351 3823 miro

245 3874 324 3926 modo
344 3877 436 3942 paucis
455 3874 596 3926 versieulis
614 3880 641 3925 et
659 3874 829 3943 gravissimos
847 3885 896 3938 pro
915 3870 1061 3941 argumenti
1081 3868 1212 3938 pondere,
1234 3874 1260 3919 et
1280 3866 1351 3920 bene

244 3970 341 4023 multos
359 3985 462 4023 errores
481 3971 617 4041 congessit
635 3976 736 4021 suetos.

352 4075 389 4134 ³²)
417 4069 481 4121 iiam
506 4070 551 4137 qul
577 4068 645 4134 apud
673 4066 787 4119 l’olonos
816 4072 943 4115 cenetense
971 4064 1030 4114 sive
1053 4062 1145 4113 inieci
1171 4066 1352 4113 memorantur

246 4164 353 4237 (ltopsll
374 4165 566 4219 (desolal’otens
585 4166 603 4216 l.
615 4180 641 4231 p.
649 4164 692 4217 89.
700 4167 778 4230 sqq),
798 4159 937 4229 nequead
958 4166 1078 4227 quartum
1098 4164 1158 4225 post
1176 4156 1238 4208 Chr.
1250 4172 1276 4209 n.
1287 4172 1352 4210 sae-

247 4264 334 4317 culum
360 4265 513 4330 pertinent,
535 4276 622 4329 umus
650 4263 675 4310 in
694 4260 837 4311 Gentilium
861 4256 1053 4325 praetenturis,
1079 4255 1180 4307 Notitia
1206 4255 1351 4307 recensitis

247 4360 405 4430 recognosci
428 4364 560 4425 poterunt.
593 4356 632 4408 ct.
646 4372 715 4425 quae
733 4354 801 4408 intra
820 4354 854 4407 de
870 4352 1019 4407 Gentilibus
1036 4349 1248 4421 disputabuntur.

169 4486 1400 4609 i.--—-—----·
