2918 4914
144 240 751 291 umss-„ffl

225 390 1326 486 558*¹auu.auror.occ.caa.xrv.cormarroa.arrourmaaar.

228 630 282 676 ces
300 630 431 676 ancoras
450 612 533 676 vado
555 611 680 691 vellant,
702 628 770 675 mos
790 615 837 674 est
850 609 1032 674 remeaturis
1056 608 1207 675 decimum
1223 627 1329 692 quem-

226 739 285 803 que
309 728 465 805 captorum
487 740 544 803 per
564 722 690 803 aquales
717 727 747 784 et
768 719 939 784 cruciarias
960 738 1096 804 poenas,
1117 720 1185 803 plus
1204 719 1245 784 ob
1269 719 1327 783 lroc

122 828 125 833 '
223 832 321 913 tristi,
347 833 429 915 quod
462 833 678 915 superstitioso
709 831 786 912 ritu,
814 848 946 911 necere,
981 848 1134 915 superque
1168 829 1326 894 collectam

223 942 342 1007 turbam
357 944 563 1025 periturorum
579 943 687 1008 mortis
709 941 901 1024 iniquitatem
916 941 1008 1007 sortis
1030 941 1184 1025 aequitate
1208 940 1327 1022 disper·

222 1069 316 1135 gere:
348 1052 460 1116 talibus
483 1071 518 1117 se
537 1052 636 1136 ligant
663 1052 763 1131 votis,
786 1051 919 1115 victimis
941 1051 1083 1133 solvunt,
1107 1056 1138 1116 et
1164 1068 1221 1133 per
1241 1049 1325 1115 huius

223 1161 309 1225 modi
333 1180 398 1225 non
422 1168 482 1225 tam
505 1161 660 1227 sacrificia
679 1147 915 1245 purgati'quam
936 1161 1103 1245 sacrilegia
1121 1158 1230 1243 polluti
1254 1156 1326 1223 reli·

220 1270 345 1355 giosum
364 1277 471 1354 putant
495 1271 600 1336 caedis
622 1271 776 1335 infaustae
795 1276 1024 1354 perpetratores
1040 1271 1193 1353 decapite
1208 1268 1323 1352 captiuo

220 1382 321 1465 magis
344 1381 473 1468 exigere
495 1387 648 1446 tormenta
671 1399 760 1463 quam
782 1381 902 1463 pretia.
917 1388 966 1444 ..“
1002 1380 1046 1445 ld.
1062 1377 1286 1464 epistulae.

423 1492 503 1560 „latio
521 1493 627 1546 Saxona
646 1491 782 1545 caerulum
803 1492 924 1545 videmus
1294 1474 1297 1479 ’

421 1591 566 1642 Aaauetum
583 1597 646 1643 aute
664 1590 722 1643 aulo
740 1588 827 1642 aulum
846 1590 950 1655 timere,

423 1684 505 1739 Cuius
524 1687 636 1739 verticis
656 1687 768 1740 extimas
786 1701 834 1755 per
852 1701 912 1739 orae

421 1782 481 1836 Non
502 1790 627 1837 contenta
645 1798 709 1837 auca
728 1792 822 1838 tenere
840 1798 942 1836 moruus

423 1881 497 1933 Altat
515 1880 613 1934 lamina
634 1880 780 1953 marginem
801 1895 944 1948 comarum,

421 1976 456 2029 Et
473 1978 514 2030 sic
532 1978 650 2031 crinibus
669 1979 703 2031 ad
722 1985 810 2031 cutem
829 1980 923 2033 raelaia

421 2075 561 2129 Decreacit
579 2083 659 2144 caput
677 2076 834 2146 additurque
852 2075 952 2130 rultua.
1149 2096 1157 2143 q

421 2171 472 2224 llic
490 2180 567 2225 tonao
587 2174 697 2241 occipiti
718 2188 803 2226 aeuex
822 2172 973 2233 Sicamber‘t
992 2179 1017 2225 et
1029 2187 1052 2223 c.

136 2356 138 2361 Ι
218 2266 262 2331 ld.
280 2284 374 2331 carm.
388 2267 452 2332 llll.
466 2270 506 2333 ad
527 2272 651 2334 Avitum
673 2270 755 2352 Aug.
767 2271 814 2346 tl.
829 2270 880 2333 88.
892 2286 959 2351 sqq.

421 2413 714 2446 ........
735 2381 857 2432 victricia
875 2378 972 2433 Caesar
990 2429 995 2442 ,

421 2477 504 2545 Signa
518 2473 679 2527 Caledonios
698 2477 846 2528 transvexit
865 2477 898 2528 ad
914 2491 999 2546 neque
1016 2473 1169 2536 Britannos,

419 2571 529 2623 Fuderit
548 2578 576 2624 et
594 2587 743 2642 quanquam
763 2573 870 2628 Scotum
890 2581 917 2625 et
936 2588 995 2625 cum
1014 2571 1117 2626 Saxone
1136 2568 1251 2634 Pictum,

418 2668 515 2721 lloatea
538 2671 673 2737 quaesivit
712 2707 993 2724 .......
996 2676 1011 2705 a

216 2761 395 2846 ibidemque
418 2765 464 2841 il.
488 2763 560 2828 370.
585 2783 653 2848 sqq.

420 2873 506 2942 „Quin
527 2881 554 2927 et
574 2876 744 2929 Aremoricus
763 2877 874 2944 piratam
893 2876 999 2929 Saxona
1017 2873 1125 2927 Tractus

420 2962 558 3039 Sperabat,
579 2975 623 3025 cui
641 2973 715 3041 pelle
733 2973 817 3026 aulum
837 2972 942 3026 sulcare
961 2971 1114 3024 Britannum

415 3068 520 3136 Ludus,
540 3077 567 3122 et
587 3078 678 3123 assuto
700 3069 824 3140 glaucum
845 3084 918 3123 mare
936 3068 1037 3122 findere
1054 3068 1168 3122 lemboss.

215 3167 246 3227 et
265 3163 312 3241 it.
334 3161 409 3229 391.
433 3186 481 3250 sq.

419 3278 548 3345 „Saxonis
567 3278 690 3331 iucuraua
710 3284 813 3342 careat,
832 3276 1008 3344 Chattumque
1026 3274 1137 3341 paluatri

418 3375 523 3446 attigua
540 3374 617 3427 Albis
639 3390 709 3445 aqua
728 3407 966 3428 ......
969 3381 983 3409 “

298 3469 345 3533 De
374 3471 534 3536 Saxonum
561 3472 695 3537 nominis
725 3467 829 3557 r'rdpup
858 3469 951 3533 multa
981 3467 1073 3546 olim,
1103 3462 1323 3529 remotissimas

213 3574 385 3659 dubiasque
413 3582 617 3665 cognationes
638 3599 694 3663 pro
717 3580 909 3645 fraternitate
925 3576 1208 3655 coniunctioneque
1222 3572 1325 3636 intima

213 3684 457 3767 interpretantes
481 3692 608 3765 sabrdati
630 3698 717 3770 sunt;
743 3692 784 3754 ita
807 3709 838 3752 v.
853 3708 880 3751 c.
898 3686 960 3767 alii,
980 3692 1013 3749 ut
1029 3684 1216 3764 camdenus,
1239 3682 1328 3749 aSa·

213 3795 259 3857 cis
273 3795 443 3882 Asiaticis,
468 3801 520 3865 alii
543 3803 728 3883 asedendo,
750 3806 784 3864 ut
805 3802 1034 3879 opponerentur
1046 3795 1188 3859 Saxones
1208 3810 1329 3877 vagan-
1403 3806 1406 3823 '

210 3903 291 3970 tibus
312 3908 442 3992 suauis,
466 3910 700 3995 appellationem
723 3906 937 3973 deducendam
955 3924 1026 3971 esse
1048 3903 1164 3986 opinati
1186 3910 1270 3985 suut,
1290 3920 1329 3968 nc

209 4013 239 4076 lr.
254 4015 274 4078 l.
291 4017 330 4082 de
352 4020 549 4087 dctluctiouc
566 4021 700 4085 nominis
722 4039 740 4082 a
763 4035 851 4096 saxo,
876 4015 1026 4098 quemad
1048 4013 1328 4098 anthropogouiam

208 4123 431 4196 Germanicam
471 4132 629 4215 pertinere
664 4149 681 4193 e
709 4126 971 4208 ll'ackernagelio
1003 4123 1188 4205 didicimus,
1220 4124 1332 4189 iterum

205 4235 302 4303 verba
324 4239 457 4307 seciam.
500 4241 595 4305 hodie
616 4256 693 4305 vero
717 4242 843 4317 recepta
863 4233 1016 4301 sententia
1039 4238 1097 4311 est,
1120 4233 1266 4299 Saxones
1286 4233 1332 4299 ai·

204 4346 356 4432 quidcem
371 4351 574 4431 cultra'ieros
593 4369 654 4415 av.
664 4347 740 4413 suta
754 4345 777 4411 i.
792 4364 821 4411 e.
833 4344 941 4425 culter,
960 4341 1159 4425 semispatla.
1194 4343 1333 4410 Witech.

183 4580 1350 4635 παπ-..Μ
