2918 4914
110 247 1332 300 ἅψῃ--τ--ᾑ--τε-τ--Ξεάο

336 410 403 459 cte.
418 410 557 461 xxxrru.
576 410 696 458 annno.
711 382 1094 486 102*.ii.12...tll.eq.
1173 389 1264 464 779*

164 608 344 672 acliedenen
365 607 468 690 Orterq
491 609 539 672 als
560 628 600 671 zo
620 609 734 673 Plunds
759 627 809 671 am
831 608 898 690 lun,
919 608 1033 672 unweit
1047 608 1264 694 Finstoemrina,

163 697 206 780 w„
228 720 408 803 Landsberg
431 738 481 782 om
505 719 589 782 leel
610 738 640 783 o.
653 738 729 782 ew.
743 719 887 800 pronciat,
913 719 987 782 oder
1007 719 1108 800 finden
1136 720 1265 793 mollem·

163 847 196 891 es
218 831 259 891 ist
279 829 354 892 aber
374 831 406 892 in
421 830 513 910 jeder
534 829 673 893 llinsicltt
694 830 763 894 lein
777 827 835 892 Ort
851 830 1033 912 protendor,
1055 831 1103 894 als
1124 829 1266 910 hierony

162 938 324 1022 deaurati,
349 960 397 1003 wo
415 942 495 1004 noel
517 941 696 1022 deutautoqe
720 960 781 1004 oon
805 941 860 1004 der
883 941 993 1004 Romer
1016 941 1121 1005 Zeiteo
1143 941 1200 1003 lter
1221 939 1266 1020 [l]

163 1050 211 1112 die
234 1051 438 1131 Hauptmont.
461 1053 525 1114 oud
545 1053 807 1129 Zollstotionist,
834 1053 898 1115 oud
917 1071 966 1116 roo
990 1052 1045 1115 der
1065 1050 1189 1133 Profert
1211 1050 1266 1112 der

161 1159 274 1242 Leqion
303 1179 353 1223 om
386 1162 509 1225 reeltleu
531 1161 696 1247 Etrcltufer
719 1163 751 1223 in
777 1163 834 1224 den
863 1181 951 1246 zwep
974 1162 1078 1226 Ptnten
1099 1160 1265 1239 (foetibus)

161 1271 265 1333 seinen
286 1272 351 1336 Situ
371 1272 480 1334 lottess.
512 1272 643 1337 Puerilia
667 1273 805 1337 eiusdem
821 1273 980 1355 scriptoris
1003 1272 1123 1337 somnia
1145 1276 1266 1353 etymo-

161 1381 265 1464 logica
289 1383 328 1446 de
351 1382 474 1444 Pletine
497 1381 706 1463 (leudeberq)
728 1383 846 1466 prolata
868 1403 897 1466 p.
917 1384 1010 1462 962,
1036 1400 1113 1465 quae
1135 1382 1264 1446 Raisero

160 1509 190 1572 p.
205 1493 254 1555 74.
269 1492 346 1556 mire
369 1493 570 1574 placuerunt,
594 1493 771 1575 corrigere,
794 1494 886 1557 immo
909 1494 1028 1558 reterre
1051 1491 1127 1555 nihil
1148 1490 1265 1575 attinet.

162 1607 248 1664 certe
274 1620 334 1664 uon
364 1603 406 1665 ita
436 1601 555 1665 Graeca
585 1586 735 1666 vocabula
759 1622 777 1666 e
805 1603 986 1687 vulgaribus
1018 1603 1129 1688 lexicis
1160 1601 1266 1682 petita,

160 1712 217 1775 sed
242 1713 403 1775 maximam
423 1713 539 1793 p'artem
562 1729 724 1793 perperam
746 1714 967 1793 scripta,·eum
983 1712 1108 1775 Celticis
1131 1712 1267 1774 contiun-

162 1820 263 1884 denda
290 1828 380 1902 atque
403 1820 442 1884 ad
475 1821 657 1903 explicanda
683 1822 833 1884 hodierna
864 1821 1045 1902 oppidorum
1067 1822 1269 1902 vicorumque

160 1930 314 1992 voeabula
331 1927 507 1992 adhibenda
530 1934 608 1990 suut.
638 1931 669 1991 id
694 1937 793 1993 autem
817 1931 1002 1993 monendum
1017 1937 1073 2008 est,
1096 1930 1203 1994 Latine
1217 1934 1268 1992 aut

161 2038 285 2101 Fetibus
307 2046 372 2119 (est
393 2037 435 2116 tt)
462 2044 513 2101 aut
526 2037 678 2117 Fortibus,
701 2038 782 2119 quod
799 2041 938 2121 proxime
963 2039 1001 2102 ad
1017 2040 1176 2103 Tirolense
1190 2039 1268 2129 Psei-

160 2155 211 2212 ten
235 2149 418 2228 accederet,
443 2147 641 2211 scribendum
664 2167 749 2226 esse,
780 2148 807 2211 si
827 2148 970 2211 vocabuli
991 2149 1083 2231 origo
1110 2150 1148 2212 ab
1171 2149 1267 2213 obso-

160 2260 223 2324 leto
244 2285 298 2323 nro
321 2259 452 2341 petenda
474 2265 565 2322 esset.
611 2259 717 2340 Neque
738 2258 862 2321 silentio
885 2258 1128 2340 praetereundus
1150 2266 1198 2322 est
1218 2258 1267 2326 la:-

161 2372 209 2452 pis
231 2389 327 2452 prope
349 2368 525 2431 Tridentum
548 2375 688 2451 repertus
710 2374 741 2432 et
765 2368 866 2431 adhue
891 2368 933 2430 ili
954 2370 993 2431 ad
1015 2369 1153 2450 episcopi
1178 2369 1268 2449 palo·

161 2482 236 2544 tium
259 2482 378 2544 allatus
394 2480 449 2562 (el.
462 2477 654 2542 Palllrausen.
665 2479 684 2541 l.
694 2498 720 2542 e.
732 2496 760 2560 p.
773 2477 822 2541 69.
832 2496 890 2560 sq,
910 2479 962 2541 uhi
978 2478 1058 2543 mala
1070 2479 1266 2561 explicatur),
1361 2559 1368 2575 o

161 2610 251 2673 quem
276 2591 396 2654 Gruter.
412 2588 486 2670 479,
497 2590 526 2653 6.
544 2596 576 2654 et
596 2590 643 2652 bis
667 2589 761 2654 Orell.
784 2588 876 2653 9183.
898 2595 929 2653 et
947 2589 1041 2654 3905.
1058 2590 1266 2671 repetierunt:

160 2727 189 2764 c.
206 2726 350 2765 annuato.
368 2727 394 2763 e.
409 2728 435 2765 r.
449 2725 503 2765 ran
522 2702 528 2784 Ι
549 2725 691 2764 muniano
711 2703 716 2784 Ι
736 2724 883 2765 nouenos.
906 2725 1005 2765 omnus
1024 2703 1038 2784 Ι
1048 2725 1179 2765 suerro.
1196 2723 1268 2764 rnr-

159 2817 267 2896 onurl
294 2835 386 2875 insu.
413 2836 486 2875 nom.
516 2835 562 2876 nr.
597 2812 804 2895 ivolentes.
838 2836 943 2891 ovino.
970 2816 1266 2895 uvovnlsnnncro.
1317 2877 1321 2888 ‚

160 2923 297 3000 [Reines.
314 2922 410 2985 voluit
432 2932 619 3002 unsreecro]
646 2945 762 2985 auron.
793 2947 858 2986 nno.
884 2922 946 3006 ffii
968 2946 1049 2986 runc.
1072 2946 1190 2987 sonent.
1215 2948 1269 2987 sn·
1295 2935 1298 2943 ’

160 3057 240 3097 cnon
260 3036 266 3110 Ι
285 3057 491 3096 nuscvnnnou.
519 3053 628 3095 uvnrct.
651 3056 785 3097 suasero
805 3035 811 3117 Ι
830 3057 936 3096 oecvn.
959 3056 1032 3095 rulo
1061 3039 1154 3109 [rurs.
1172 3033 1266 3099 Orell.

159 3161 250 3227 eptem
264 3144 349 3223 vido]
368 3147 374 3230 Ι
395 3167 573 3207 nnevmont.
588 3166 707 3206 naturus
727 3149 732 3223 Ι
753 3166 1027 3207 cvnurou1.um.r.
1045 3167 1130 3207 maur
1150 3145 1156 3228 Ι
1175 3169 1267 3222 novo.

158 3279 243 3320 nvnc.
267 3279 371 3318 runnu.
397 3278 472 3317 rann
492 3253 498 3337 Ι
517 3274 664 3315 enruouo.
682 3276 779 3315 conon
802 3255 808 3339 Ι
827 3278 964 3317 enuclea.

246 3402 285 3417 -
306 3367 352 3442 ΙΙ.
380 3364 428 3427 14.
442 3371 503 3445 sq]
527 3362 765 3423 tronsoeetionis
784 3358 913 3444 acue,
940 3364 1106 3443 spetierum
1126 3361 1194 3428 M.
1209 3364 1265 3430 “Gi

158 3476 477 3558 praeced.notam.-
511 3472 639 3536 Teriolis
661 3489 769 3537 omnes.
814 3476 1016 3562 Consentiunt
1045 3494 1121 3558 qnos
1146 3476 1265 3559 inspexi

158 3605 278 3669 omueS,
300 3607 370 3651 esse
384 3587 456 3649 hod.
475 3584 568 3665 lirul,
592 3605 691 3667 neque
713 3589 795 3669 qnod
817 3595 923 3652 contra
947 3589 1046 3650 dicam
1068 3588 1181 3667 habeo,
1206 3587 1266 3651 nisi

158 3699 242 3780 quod
263 3699 339 3761 situs
364 3698 453 3760 huius
479 3698 560 3760 arcis
590 3699 712 3778 vicique
734 3699 860 3761 stationi
889 3699 1014 3760 militum
1044 3699 1266 3762 transvectioni

159 3810 336 3890 specierum
362 3810 573 3890 deputatorum
605 3827 667 3872 uon
698 3809 773 3872 satis
804 3815 889 3890 aptus
912 3808 1071 3888 videatur,
1104 3815 1136 3871 ut
1163 3809 1265 3890 paullo

158 3927 231 3983 urite
250 3921 445 4003 siguilieavi3
469 3939 540 3982 uam
562 3920 615 3983 vix
643 3920 788 3983 transitus
813 3940 851 3982 ex
874 3919 983 3983 Aduae
1005 3912 1086 3983 valle
1109 3938 1165 4002 per
1186 3920 1271 3983 Bor-³
1305 3947 1308 3950 ⁴

156 4033 262 4096 miaua
291 4032 363 4115 iuga
383 4031 555 4114 vallemque
574 4033 729 4096 Venusiae
745 4051 770 4095 s.
788 4030 978 4113 Vintscltqom
1003 4032 1048 4109 (si
1071 4031 1138 4114 quis

546 4184 668 4250 „occulto
689 4183 807 4234 tentabat
828 4184 931 4233 tramite
950 4189 1063 4248 montes,

360 4283 387 4334 si
407 4297 458 4349 qua
478 4297 525 4348 per
543 4282 668 4349 scopulos
689 4283 789 4334 subitas
811 4283 951 4352 exquirere
965 4288 1056 4349 posset
1088 4290 1091 4300 ·
1136 4344 1138 4348 Ι

361 4378 391 4429 ln
410 4378 507 4431 llaetos
527 4379 670 4449 Gallosque
688 4381 771 4446 vias«,

109 4572 1318 4623 w
