2918 4914
469 277 546 287 ......
577 276 788 287 .,.,,....
1257 249 1317 297 pc.

306 428 531 479 cmxxxviii.
558 404 929 480 nuunc.113*.ii·17.
950 408 1073 502 18.sq.
1153 405 1241 480 877*

142 633 253 707 county
279 625 368 688 Yoris.
412 626 439 688 A
461 627 611 707 towrubip
634 627 666 687 in
688 627 737 689 tbe
757 624 926 705 parisitus
942 625 1072 706 Hotifuo
1093 626 1155 688 ond
1171 644 1242 688 soa-
1300 626 1304 645 '

140 734 272 815 pentobe
291 736 329 815 of
338 735 463 817 Mortey.
480 735 601 799 ..Here
614 755 681 800 mos
705 736 888 799 discovered
904 754 924 797 o
944 736 1046 796 eutice
1066 735 1165 797 attam<
1178 742 1243 799 etc.

143 844 281 927 ,uttam
305 845 351 909 W.
365 844 401 908 R.
419 864 463 913 eo.
483 845 571 908 Yort.
593 846 620 908 A
642 846 791 926 townsdip
814 846 877 908 ond
896 845 1041 926 cbcpetry
1062 845 1094 906 in
1115 845 1165 906 tbe
1183 863 1242 924 po·

142 955 208 1016 risis
232 956 269 1035 os
284 954 414 1036 Hotifoec
437 958 500 1019 ond
514 957 694 1036 wopeotuke
715 957 753 1037 os
770 956 897 1037 Morley,
918 956 1092 1036 pteusondy
1113 954 1246 1018 sitnoted
1354 937 1360 949 ’

143 1084 182 1128 on
203 1066 251 1126 tite
275 1065 361 1127 river
383 1066 523 1129 Golden..
539 1074 576 1129 .“.

225 1213 263 1224 —
286 1178 331 1252 int.
348 1176 395 1240 18.
406 1187 467 1258 sq.]
490 1177 577 1240 Hunc
600 1185 629 1242 et
651 1195 715 1259 seq.
732 1195 900 1257 numerum,
922 1178 941 1238 i.
956 1178 1039 1252 ebt.
1053 1182 1177 1239 nostros
1203 1176 1242 1240 18

141 1283 224 1348 ...24
239 1287 342 1347 omisit
360 1287 399 1366 st,
421 1288 555 1369 quinque
575 1289 665 1352 lineis
688 1289 794 1350 vucuis
816 1287 952 1364 relictis3
968 1288 999 1349 in
1017 1280 1043 1347 ffi
1061 1288 1133 1351 inde
1153 1303 1244 1350 avo-

141 1393 507 1476 cabbonyoeieuriorum
528 1416 626 1480 usque
648 1399 687 1462 nd
711 1396 1041 1462 nomendereentiono
1064 1398 1166 1461 omnia
1188 1395 1245 1461 de-

140 1511 220 1582 sunt,
237 1506 293 1569 sed
306 1513 420 1570 tuntum
440 1510 568 1589 spatium
590 1508 730 1571 relictum
755 1516 812 1588 est,
835 1514 867 1570 ut
890 1527 968 1590 quae
985 1509 1096 1572 desunt
1115 1506 1245 1571 inscribi

139 1616 259 1693 possint
266 1638 274 1693 ;
303 1617 343 1680 ita
362 1612 390 1679 D
413 1636 522 1682 versus
539 1625 663 1682 nostros
688 1619 734 1682 18.
752 1618 1017 1699 subsequentis
1037 1618 1132 1682 verbu
1145 1616 1246 1679 Prae-

138 1723 236 1802 fectus
257 1726 385 1790 Numeri
408 1728 693 1807 supervenient-ium
722 1728 841 1806 omisit,
874 1727 991 1790 duabus
1019 1727 1109 1789 tineis
1138 1726 1244 1790 vacuis

140 1834 268 1900 relictis.
315 1837 340 1901 ἕ
369 1839 415 1901 sic
445 1839 553 1903 babet:
576 1838 727 1918 „Preseet9
748 1837 867 1899 numeri
884 1843 890 1920 Ι
910 1838 996 1917 donee
1019 1837 1091 1899 vico
1113 1835 1247 1915 Profect⁹

138 1947 257 2007 numeri
282 1946 381 2029 terrine
407 1949 510 2011 eitio“.
554 1948 736 2028 booyoeieio
766 1947 926 2010 nobiseum
949 1945 1034 2025 buo,
1071 1946 1245 2026 Lonoouico
1354 2020 1357 2027 Ι

139 2052 224 2146 broit,
248 2059 303 2121 sed
317 2060 515 2140 ,emendatos
537 2059 664 2121 codices
688 2057 804 2120 habere
818 2056 1019 2138 Lonyooicrffl
1043 2063 1171 2120 testatus
1195 2060 1243 2119 est

140 2167 327 2232 Puncirolus.
372 2171 412 2232 At
433 2169 476 2239 ,de
495 2169 556 2230 boe
577 2167 750 2247 Lonooeieo
772 2169 838 2230 siue
851 2166 1035 2248 Lonyooieto
1057 2168 1173 2247 puriter
1195 2171 1245 2228 at-

142 2295 200 2358 que
223 2279 262 2341 de
284 2281 417 2342 Numero
441 2277 738 2360 Longovicoriorum
762 2277 942 2339 altissimum
965 2276 1118 2340 sitentium
1143 2281 1190 2339 est
1212 2275 1245 2337 in

141 2388 238 2451 veteri
263 2406 324 2451 non
347 2389 445 2452 solum
466 2389 649 2465 litteratura,
671 2386 726 2450 sed
751 2393 781 2449 et
803 2388 882 2468 opud
905 2388 1109 2467 recentiores,
1135 2386 1244 2468 quibus

141 2497 182 2558 uti
205 2496 278 2558 mibi
300 2497 402 2559 dotum
423 2503 480 2575 est,
504 2498 564 2558 uisi
587 2496 668 2577 quod
692 2496 882 2575 camdenus,
908 2497 976 2577 qui,
1000 2502 1033 2559 ut
1056 2497 1094 2559 ud
1114 2513 1143 2577 p.
1158 2496 1243 2559 115⁴&
1276 2480 1298 2545 ¹¹

139 2606 273 2686 ibisq.
287 2606 469 2684 uidebimus,
495 2607 586 2669 etium
599 2605 742 2667 Alienum
764 2605 928 2686 aliquando
953 2606 983 2667 in
1006 2552 1279 2670 eodembunets

140 2716 238 2778 mensi
256 2717 467 2798 Longocustro
491 2716 652 2797 quaesivit,
676 2715 749 2776 olim
772 2713 882 2796 puto.
898 2715 1060 2778 affirmauit
1075 2715 1133 2796 ,ad
1150 2714 1245 2795 ipsius

142 2825 209 2887 fere
231 2825 373 2907 trianguli
398 2826 606 2906 [episcopatus
619 2825 847 2903 Dunetmeusis]
869 2825 1003 2888 medium
1028 2825 1173 2908 exiguum
1196 2823 1247 2886 vi-

143 2952 211 2996 cum
233 2935 438 3015 bonycbester
456 2936 667 3018 Longovicum
686 2935 867 2999 Notitiarum
884 2935 955 2997 libri
977 2955 1059 3014 esse,
1082 2941 1112 2997 et
1133 2952 1248 2998 nomen

144 3051 175 3108 et
197 3045 453 3128 significationem
476 3047 705 3130 argumentori3
729 3047 811 3128 quod
842 3046 924 3109 enim
953 3046 1068 3109 Latinis
1092 3046 1248 3128 Leuconi-

143 3172 215 3234 cus,
237 3154 267 3216 id
291 3162 337 3218 est
360 3154 532 3218 Senonibus
554 3154 788 3235 Lonyeeaster“.
834 3155 945 3218 Verum
979 3157 1045 3236 ipse
1073 3157 1247 3219 Cumdeuus

142 3271 248 3346 postea
271 3284 334 3329 sec.
350 3266 517 3329 Gibsonum
531 3283 559 3345 p.
573 3266 644 3329 778.
662 3266 785 3346 scripsit
802 3266 1009 3345 ,Lunebester
1031 3264 1050 3327 1
1069 3284 1145 3326 once
1168 3265 1248 3326 ima-

142 3376 226 3456 qin'd
247 3383 277 3437 to
299 3375 335 3437 bo
358 3375 406 3436 tbe
429 3375 480 3436 otd
501 3375 741 3457 Longovicum“.
772 3375 874 3455 itaque
903 3377 1007 3456 priore
1032 3375 1179 3455 opinione
1208 3375 1247 3438 ab

128 3485 211 3566 ipso
233 3491 319 3548 recte
341 3485 463 3566 quidem
486 3490 558 3564 puto
579 3484 727 3547 derelicta
749 3484 830 3547 huuc
853 3483 937 3546 dedit
957 3483 1151 3565 nibbibid.
1164 3484 1248 3565 ,Tbe

128 3589 356 3657 ·Lone..‘.sees
379 3593 550 3656 Loncuster
572 3611 611 3654 on
634 3593 682 3654 tiso
702 3593 791 3654 soutb
813 3592 878 3654 side
892 3594 929 3674 of
943 3593 976 3668 tt,
1000 3593 1049 3654 the
1072 3594 1156 3674 ebief
1166 3600 1248 3657 town

143 3705 182 3784 os
195 3705 254 3766 tbis
279 3709 407 3784 county,
429 3703 528 3766 wbieb
549 3704 597 3765 tbe
621 3702 807 3765 inhabitants
834 3720 918 3764 moro
940 3703 1021 3784 truty
1045 3703 1105 3766 coll
1127 3704 1249 3768 Laneu-

143 3819 217 3894 ster,
241 3813 304 3876 ond
325 3813 373 3874 tbe
393 3813 482 3876 Scots
504 3814 688 3892 Loncostell,
709 3814 791 3895 from
813 3814 862 3875 tbe
882 3812 968 3875 river
987 3814 1063 3878 Lon.
1107 3812 1187 3876 Botb
1208 3814 1248 3877 its

143 3941 232 3985 nome
253 3929 287 3984 ol
309 3921 368 3984 etis
394 3923 463 4002 day,
485 3922 548 3985 und
567 3922 615 3985 tbe
635 3923 720 3985 river
739 3923 837 3985 under
848 3923 883 3998 it,
903 3923 936 3983 in
959 3940 980 3984 o
1000 3941 1130 3984 manner
1147 3941 1250 4002 proce

142 4032 166 4093 it
189 4040 219 4094 to
241 4031 277 4094 be
299 4033 348 4094 tite
368 4030 591 4113 longovicum,
616 4032 719 4094 mttere
739 4033 838 4094 under
860 4031 908 4093 tice
931 4032 1097 4095 tientenant
1118 4033 1155 4113 of
1169 4032 1248 4094 Bri·

143 4142 208 4205 toin
230 4152 284 4220 (os
305 4143 353 4203 tbe
375 4141 491 4204 Neritio
511 4143 640 4222 inserens
663 4152 716 4223 ns)
741 4162 761 4205 a
784 4144 941 4223 Compony
964 4143 1002 4223 os
1018 4143 1067 4204 tbe
1089 4143 1250 4224 Longovi-

143 4252 277 4330 canam,
303 4251 371 4313 wito
394 4249 464 4312 teob
486 4250 551 4312 thot
573 4270 661 4314 nome
679 4252 761 4332 [root
782 4251 830 4314 tbe
849 4251 958 4331 ploce,
982 4251 1053 4332 bept
1071 4252 1246 4333 yarrisooss.

142 4361 231 4426 Bmz.
241 4362 269 4425 iu
287 4362 373 4425 biart.
387 4361 454 4424 br.
464 4362 578 4425 rettulit
601 4363 756 4427 Gomdeno
780 4361 1055 4439 essebouebester‚
1075 4362 1144 4424 uliis
1160 4361 1248 4422 Lon·

969 4473 1047 4577 ¹ns

95 4556 1302 4621 W*
