2918 4914
93 256 1283 309 'tw—...ww

162 383 165 387 ⁴
300 423 427 474 osnxu.
455 399 893 490 circumtonante
911 425 1090 477 nammis.
1127 403 1237 480 1059*
1285 263 1312 378 ἱ

141 627 217 678 cuius
236 624 303 678 libet
323 628 442 693 corporis
461 627 578 679 delectui
594 629 618 662 ⁵³
636 627 766 678 obnoxius
787 633 813 678 ct
832 626 1032 680 florentissimus
1044 630 1065 663 ⁶⁴
1089 626 1242 696 legionibus

144 722 298 774 inserendus
326 724 531 776 testimonialem
559 741 592 776 ex
611 725 804 791 protectoribus
830 724 873 776 vel
896 724 1046 776 cuiuslibet
1073 723 1243 793 dignitatis⁸⁵

140 819 268 885 obtinuit,
289 820 331 871 vcl
355 838 399 873 cas
427 838 495 890 quae
520 837 713 889 nonnunquam
734 820 865 873 Comitum
891 823 1048 872 auctoritate
1066 827 1241 888 praestantur,

140 931 174 967 nc
193 915 347 979 delitescat,
367 919 497 968 tirociniis
518 919 696 970 castrensibus
714 918 854 969 imbuatur.

226 1013 327 1076 Locos
350 1019 486 1077 veterum
516 1015 701 1095 scriptorum
724 1015 832 1094 quibus
863 1015 901 1076 de
923 1014 1102 1095 receptione
1126 1011 1242 1075 barba-

141 1140 246 1186 rorum
270 1123 300 1183 in
332 1125 480 1205 regiones
504 1125 635 1188 Romani
659 1125 786 1206 imperio
810 1125 982 1202 subiectas,
1008 1129 1040 1185 ut
1063 1129 1124 1185 tum
1148 1139 1242 1204 agros

142 1230 291 1310 colerent,
315 1239 377 1294 tum
403 1234 507 1314 copias
530 1233 786 1326 exercitantium.
801 1240 963 1316 augerent,
986 1232 1116 1295 relatum
1139 1238 1196 1311 est,
1213 1238 1244 1294 et

140 1341 193 1405 alii
215 1347 246 1403 et
266 1360 364 1422 nuper
387 1343 478 1405 etiam
504 1344 656 1423 Zumptius
673 1363 702 1424 p.
715 1345 762 1406 ta.
774 1361 840 1425 sqq.
853 1338 1055 1427 collegcmnt.
1084 1343 1243 1406 videamus

140 1453 242 1532 itaque
269 1451 403 1531 quidde
434 1453 584 1514 Laetorum
609 1454 731 1534 origine
762 1473 799 1516 ac
832 1454 1017 1516 condicione
1043 1473 1081 1516 cx
1109 1453 1243 1516 lontibus

138 1562 288 1624 historiae
311 1563 399 1625 Rom.
419 1563 610 1625 statuendum
643 1564 691 1625 sit.
746 1565 783 1626 Et
813 1565 887 1626 Laeti
920 1563 1042 1645 quidem
1074 1581 1180 1626 omues
1205 1562 1244 1625 ab

142 1673 231 1735 initio
252 1672 375 1735 barbari
399 1672 524 1736 luerunt
546 1692 614 1736 cum
636 1691 693 1736 suo
717 1674 901 1737 Germanico
923 1675 1049 1737 nomine
1066 1693 1082 1736 a
1098 1674 1244 1737 Romanis

140 1784 276 1864 recepti3
300 1782 382 1844 idem
405 1782 608 1846 barbarorum
631 1802 756 1863 nomon,
781 1785 862 1864 quud
878 1784 989 1847 Gracci
1015 1785 1106 1847 etiam
1130 1783 1245 1845 Roma·
1309 1852 1312 1861 ,

142 1896 189 1955 nis
216 1893 292 1955 darc
321 1899 565 1969 consueverant,
600 1893 638 1954 ab
669 1893 716 1955 his
742 1894 908 1975 gentilibus
940 1911 1062 1975 qunque
1090 1891 1140 1955 vel
1173 1897 1244 1955 ante

140 2022 230 2085 quam
246 2003 404 2066 recentior
427 2004 505 2066 baec
523 2003 681 2084 gentilium
705 2004 867 2084 appellatio
893 2004 931 2066 ad
952 2002 1162 2085 designandas
1176 2003 1244 2065 sive

140 2132 157 2176 a
174 2114 321 2177 Romanis
346 2112 484 2175 devictas
500 2119 621 2175 exteras
646 2120 766 2197 gentes,
783 2115 850 2175 sive
871 2118 954 2175 certa
972 2114 1098 2175 militum
1115 2132 1243 2196 genera,

141 2241 271 2305 quorum
296 2222 347 2285 alii
377 2223 493 2284 scholis
518 2224 770 2301 continebantur,
794 2224 845 2286 alii
870 2224 963 2285 multo
990 2224 1105 2304 peioris
1133 2224 1245 2286 condi-

143 2334 242 2395 cionis
268 2333 324 2394 sub
347 2332 513 2412 praelectis
537 2339 640 2409 crant,
664 2334 695 2393 in
719 2352 775 2396 usu
800 2351 870 2395 csse
896 2333 1061 2414 coepisset,
1087 2334 1146 2396 iam
1171 2334 1243 2396 clim

143 2444 223 2504 inuri
247 2442 369 2505 solitum
392 2442 488 2503 luisse
510 2442 597 2520 pueri
617 2448 739 2503 norunt.
771 2442 827 2504 scd
851 2448 883 2504 ut
905 2444 936 2503 in
958 2443 1016 2504 hac
1038 2443 1151 2505 Notitia
1177 2446 1246 2507 Lae-

145 2559 257 2630 torum,
283 2551 323 2612 ita
347 2557 376 2613 et
396 2549 558 2611 Gentilium
580 2551 763 2613 vocabulum
787 2551 923 2632 speciale
946 2558 1003 2629 est,
1027 2569 1089 2614 non
1105 2554 1246 2616 omnibus

141 2662 256 2744 passim
281 2660 422 2723 barbaris
448 2658 519 2721 olim
545 2661 729 2740 attributum,
753 2661 807 2724 sed
831 2662 986 2742 proprium
1010 2663 1161 2742 quondam
1180 2669 1246 2726 sta-

144 2779 206 2834 tum
243 2771 499 2834 condicionemve
534 2771 699 2833 indicabat.
755 2771 845 2846 Quod
876 2757 1084 2835 Gotholredus
1115 2779 1247 2854 utroque

143 2882 280 2959 nomine,
304 2882 453 2943 Laetcrum
474 2888 504 2944 et
527 2880 688 2943 Gentilium
714 2881 781 2944 fere
802 2882 979 2963 promiscuo
1002 2900 1075 2946 usus
1094 2889 1150 2962 est,
1164 2885 1245 2966 quod

142 2993 231 3057 etiam
260 3009 341 3052 nunc
368 3010 384 3054 a
410 2990 566 3072 plerisque
587 2991 653 3054 fieri
677 2992 757 3054 solet
771 2993 806 3068 ⁵⁶,
833 2992 865 3053 in
887 3010 956 3054 eum
976 3011 1113 3056 errorem
1137 2995 1246 3056 incidit

140 3217 189 3252 nus
219 3208 292 3253 recte
316 3200 431 3252 Beckius
458 3200 529 3252 dedit
553 3203 635 3254 luctus
654 3203 835 3266 Alamannos,
859 3205 985 3256 Sarmata
1002 3221 1098 3273 cupas,
1118 3207 1144 3256 in
1167 3221 1245 3274 quern

142 3297 255 3349 eundern
275 3312 390 3375 errorem
409 3298 489 3348 etiam
504 3297 693 3349 Gotholredum
711 3299 837 3351 incidisse
858 3299 948 3366 paullo
967 3308 1030 3352 ante
1047 3300 1170 3352 vidimus.
1196 3302 1244 3353 Pro

141 3411 221 3463 napus
240 3394 354 3446 fortasse
373 3395 431 3462 quis
449 3393 524 3445 malit
543 3412 643 3458 suenus,
663 3394 710 3446 sed
729 3397 773 3461 qui
794 3403 866 3447 recte
887 3397 1094 3463 interpretantur
1113 3399 1244 3450 constitu·

140 3493 251 3554 tionem,
270 3490 337 3542 nibil
361 3490 511 3542 mutandum
532 3506 592 3542 csse
610 3490 780 3560 intellegunt.
822 3493 911 3562 Vagus
931 3494 1073 3561 h.quoque
1091 3493 1159 3545 lest
1171 3495 1244 3547 mili-

140 3589 193 3639 tiae
216 3587 330 3638 nondum
361 3595 501 3654 susceptae
527 3588 677 3652 obnoxius,
695 3590 739 3656 qui
760 3587 872 3640 desertis
893 3589 981 3640 lundis
1000 3592 1070 3655 suis,
1095 3592 1122 3642 in
1150 3589 1244 3644 alicnis

139 3685 274 3737 delitescit
296 3691 341 3736 aut
360 3685 479 3750 oberrat;
499 3687 543 3753 qui
557 3693 705 3752 susceptam
718 3685 838 3737 militiam
855 3686 995 3753 effugiunt,
1015 3688 1163 3739 desertores
1174 3697 1243 3742 nunt.

241 3784 276 3850 ⁶³)
298 3782 404 3833 dilectus
423 3781 522 3837 Cedet
533 3781 652 3834 Gotholr.
660 3784 703 3850 qui
717 3782 849 3834 dilectibus
867 3799 983 3850 propos,
1003 3784 1110 3836 lleines.
1123 3785 1242 3839 delectur.

138 3878 476 3931 Beclnctllaendelectoi.
530 3879 792 3947 ⁵⁴)Gotholr.voluit
808 3881 1004 3947 florentissimis.
1049 3882 1242 3951 vaticino,
1340 3872 1343 3876 ’

138 3977 172 4028 de
184 3976 405 4028 testimonialibus
417 3993 450 4027 ex
463 3976 574 4027 tribunis
585 3984 612 4027 et
623 3978 817 4044 protectoribus
829 3977 936 4030 vtttt.
947 3986 973 4030 et
984 3978 1033 4030 LL.
1043 3980 1068 4031 5.
1078 3979 1105 4032 8.
1114 3979 1160 4031 lb.
1169 3980 1198 4032 C.
1210 3981 1243 4034 dc

138 4074 274 4126 veteranis
286 4072 554 4126 Vll.20.c.Gothoir.
567 4088 659 4125 comm.
708 4076 744 4141 56)
765 4074 938 4126 Recentiorcs
958 4075 1028 4127 bunc
1048 4090 1163 4128 errorem
1184 4093 1242 4129 cum

141 4170 253 4239 quodam
272 4169 411 4235 voluptate
431 4170 601 4235 profitentur:
621 4171 658 4221 ita
677 4185 752 4239 egr.
766 4170 900 4237 Gauppius
914 4171 977 4241 (Die
995 4189 1112 4241 perman.
1126 4172 1243 4225 Ansiedi.

141 4266 425 4336 nomenniomen)
438 4274 581 4334 postquam
600 4266 670 4317 lutor
689 4266 810 4332 ληΐιους,
828 4266 992 4340 δημοσίους,
1011 4268 1136 4337 gentiles,
1158 4285 1242 4338 puga.

138 4377 186 4414 uos
197 4363 376 4435 (lleidoisclte)
392 4378 528 4432 perperam
548 4364 736 4430 interpretatus
757 4372 805 4428 est,
826 4365 938 4418 allirmnt
955 4367 1034 4433 „dass
1051 4368 1080 4417 in
1099 4366 1146 4417 der
1164 4367 1241 4419 Noti-

93 4560 1313 4623 m„
