2918 4914
246 400 1348 483 812*lnnor.anaor.oco.cnr.raannaxaaovmcruascorastan.
1407 417 1409 441 t

133 608 136 613 ¹
247 621 460 704 Stephanum‘t
505 622 617 685 Verum
640 628 688 685 est
709 639 821 684 nomen
844 621 956 683 Lctcoi
979 621 1042 704 legi
1063 622 1094 684 in
1108 624 1178 686 Not.
1190 625 1283 703 Onp.
1296 622 1350 686 85.
1407 601 1408 609 ἵ

245 732 583 809 i.2.inlerPhoenices
598 732 735 810 castella,
758 733 816 795 sed
837 751 943 794 verum
965 738 1100 810 nonest,
1123 731 1203 813 apud
1215 731 1351 813 Stepha-
1406 760 1408 768 2

245 859 316 906 num
343 844 468 908 Latavia
495 862 520 907 s.
537 844 692 906 Lataviam
716 842 877 925 Bithyniae
903 843 1056 906 civitatem
1085 843 1158 924 legi.
1209 842 1260 905 Ab
1289 843 1350 905 isto

244 970 320 1017 vero
343 954 490 1032 castello,
514 955 563 1017 vel
586 955 613 1015 si
639 952 821 1016 vocabulum
844 959 1020 1033 corruptum
1043 970 1107 1015 non
1133 958 1235 1032 esset,
1258 968 1350 1014 nemo

128 1134 131 1140 ¹
245 1063 302 1126 hos
331 1064 442 1127 milites
465 1063 637 1126 deduxerit.
676 1062 769 1127 lladr.
786 1063 926 1127 Valesius
940 1064 1058 1139 (Notit.
1074 1063 1199 1149 Galliac.
1213 1081 1243 1144 p.
1258 1061 1351 1139 599.)

244 1178 357 1236 mutata
379 1175 531 1253 scriptura
555 1173 651 1236 voluit
672 1171 784 1234 Milites
803 1171 917 1235 Bctcoi
946 1171 1132 1250 Vesceliam,
1155 1191 1247 1254 quarn
1271 1188 1352 1234 eon·

246 1281 393 1344 iecturam
419 1282 485 1362 ipse
510 1282 712 1345 certissimam
735 1301 806 1347 esse
827 1283 1007 1362 affirmavit,
1029 1282 1221 1346 D’Anvillins
1251 1288 1352 1346 autem
1430 1288 1432 1293 ⁴

246 1389 332 1469 (Not.
356 1391 393 1453 de
413 1392 444 1453 lo
466 1392 562 1453 (laute
583 1410 611 1472 p.
625 1393 715 1468 503.)
729 1393 837 1455 merito
861 1412 928 1455 earn
952 1394 1030 1454 iusto
1058 1393 1258 1456 audaciorem
1280 1409 1352 1455 esso
1401 1400 1402 1413 ¹

245 1501 426 1582 increpavit.
472 1501 546 1564 Gurn
567 1500 660 1564 Beato
683 1501 830 1565 Rhenano
853 1502 1063 1582 Schoepllinus
1079 1492 1239 1582 (ipae)
1254 1499 1353 1562 Boto-

246 1612 367 1674 oieoser
381 1610 551 1694 legendum¹
562 1629 632 1673 esse
654 1613 793 1692 opinatus
814 1618 870 1689 est,
887 1628 965 1691 quae
985 1612 1107 1675 insolita
1125 1612 1222 1674 lorma
1237 1611 1276 1674 ab
1292 1610 1351 1673 hac

246 1722 360 1786 Notitia
379 1721 470 1802 plane
498 1720 599 1782 aliena
621 1727 678 1783 est.
714 1721 818 1801 ltaque
840 1738 899 1802 ego
923 1721 1002 1783 hanc
1025 1724 1255 1784 annotationem
1279 1720 1352 1782 olim
1402 1773 1403 1776 ,

247 1831 318 1896 loco
341 1832 479 1913 apposui,
505 1849 593 1911 quam
615 1837 647 1893 ut
668 1831 699 1893 in
722 1849 757 1893 re
781 1830 872 1893 dubia
894 1832 1030 1911 prolero,
1053 1833 1080 1894 si
1102 1833 1150 1895 cui
1174 1832 1254 1894 lorte
1274 1847 1353 1911 purae

247 1941 321 2004 milri
345 1942 403 2023 ipsi
426 1941 577 2021 displicet,
593 1941 716 2021 placere
734 1939 1025 2021 possil:„Fortasse
1046 1941 1211 2023 legendum
1234 1939 1353 2004 estLe-

130 2046 136 2057 “
248 2052 420 2115 tooiceaaea
442 2071 467 2115 s.
478 2050 706 2113 Lotooicenses.
718 2051 802 2113 Plin.
816 2052 851 2113 H.
863 2053 898 2114 N.
914 2052 963 2113 lll.
974 2053 1023 2113 05.
1040 2058 1117 2114 sect.
1128 2051 1177 2114 08.
1188 2049 1352 2113 Lotooieoa

247 2165 327 2226 inter
348 2163 524 2225 Pannoniae
544 2162 673 2243 populos
694 2168 860 2241 memorat,
886 2162 1073 2242 eosdemque
1096 2161 1271 2225 Pannoniae
1292 2161 1353 2224 Su·
1404 2141 1405 2166 ³

249 2274 382 2356 perieris
412 2279 514 2354 partes
542 2268 605 2333 0ηό
638 2267 670 2334 ui
700 2269 847 2363 Νωρικόν
873 2272 1045 2335 inhabitare
1070 2278 1197 2335 testatur
1225 2270 1300 2334 Ptol.
1316 2270 1353 2334 ll.
1406 2295 1407 2304 ¹

250 2384 385 2461 tama).
407 2384 522 2446 Eorum
542 2382 696 2463 oppidum,
713 2381 906 2443 Praetorium
922 2381 1139 2443 Lutooicoram
1161 2400 1224 2445 sec.
1238 2382 1273 2443 lt.
1281 2381 1354 2445 Ant
1405 2428 1407 2474 3

246 2512 276 2576 p.
290 2493 361 2557 059.
376 2492 414 2556 ab
436 2494 575 2555 Acmona
602 2491 768 2569 (Loibcclt)
786 2493 926 2554 XXXllll
941 2492 979 2553 Μ.
995 2492 1037 2571 Ρ.,
1063 2512 1079 2555 a
1102 2491 1287 2555 Novioduno
1310 2489 1352 2555 ad
1405 2475 1407 2551 s

248 2603 385 2683 Colapim
398 2600 574 2681 (Nooiprad
584 2601 622 2664 ml
637 2600 825 2680 Kalpomll.)
836 2602 935 2665 XXXl
946 2603 986 2665 ll.
997 2603 1028 2664 P.
1043 2602 1167 2678 distitit;
1187 2602 1260 2668 Tab.
1271 2602 1353 2664 rem
1406 2616 1407 2632 ¹

166 2788 169 2794 .
248 2711 331 2775 lV.B
350 2712 415 2775 lere
430 2710 583 2773 consentit
598 2710 657 2773 hoc
672 2711 764 2774 modo
776 2710 930 2773 :‘Emona.
943 2710 1047 2774 XVlll.
1072 2711 1248 2775 Aceruone.
1260 2710 1352 2775 Xllll.
1406 2745 1407 2749 =

246 2821 297 2886 Ad
320 2821 469 2902 pretorii.
483 2818 561 2881 XVI.
585 2820 708 2882 crucio.
726 2819 802 2881 XVl.
826 2820 1020 2883 Nouioduni‘.
1051 2821 1227 2901 quaerimus
1251 2821 1353 2903 itaque
1405 2836 1406 2903 f

246 2930 307 2993 hoc
331 2928 519 2993 Praetorium
541 2929 572 2990 in
596 2928 668 2991 hod.
683 2947 752 3010 opp.
765 2931 897 2993 Carnico
919 2929 1082 2992 lleostodtt
1095 2931 1133 2992 ad
1146 2928 1230 2991 Garis
1245 2930 1276 2991 ss.
1306 2929 1352 2993 Cl.

245 3042 394 3107 Mannert.
408 3040 456 3102 lll.
471 3058 499 3120 p.
513 3038 583 3102 too.
614 3039 671 3101 Pro
695 3038 868 3119 latobripa's
891 3040 1034 3102 Caesaris
1047 3040 1097 3116 (Β.
1109 3040 1144 3104 G.
1152 3041 1173 3103 l.
1183 3042 1213 3102 5.
1224 3041 1274 3104 08.
1285 3039 1352 3117 29.)
1403 3089 1405 3111 r

246 3152 278 3214 in
298 3149 474 3214 codd.mss.
484 3150 636 3229 editisque
658 3156 782 3229 praeter
804 3149 879 3212 alias
896 3151 1051 3213 uariantes
1073 3151 1239 3231 scripturas
1262 3149 1352 3214 etiam

246 3259 401 3324 Latobicis
428 3266 457 3323 et
479 3258 635 3321 Lotooicis
660 3277 828 3323 occurrere
859 3278 922 3323 non
950 3262 1057 3324 nescio
1087 3259 1298 3337 (et0udend.
1314 3258 1353 3322 ad
1403 3278 1404 3281 ¹

246 3372 371 3449 liciti.)
382 3394 392 3450 ;
414 3371 469 3435 sed
486 3370 525 3433 de
542 3371 603 3432 hoc
625 3371 747 3451 populo,
773 3371 911 3451 quamvis
934 3371 1000 3451 ipso
1013 3371 1161 3434 llelvetiis
1184 3376 1214 3435 et
1234 3372 1353 3453 Sequa.
1402 3360 1404 3419 i

247 3483 295 3545 nis
317 3483 439 3560 vicino,
468 3481 507 3544 ad
530 3480 673 3542 h.l.non
704 3483 828 3563 cogito:
854 3482 944 3543 unius
971 3483 1042 3563 pagi
1074 3481 1195 3544 incolae
1219 3480 1293 3545 olim
1322 3479 1354 3544 li
1402 3502 1403 3518 ¹

145 3619 149 3626 ·
248 3591 415 3672 Latobrigi‚
440 3609 502 3652 non
519 3591 579 3653 nisi
590 3591 716 3652 Caesari
739 3593 910 3670 memorati,
936 3592 1031 3654 luisse
1050 3590 1202 3669 videntur,
1226 3608 1354 3672 quorum
1403 3574 1404 3581 ἵ

248 3718 360 3764 nomen
381 3719 478 3781 usque
501 3701 538 3763 ml
563 3708 700 3781 tempora
723 3702 811 3765 huius
835 3702 968 3765 Notitiae
990 3719 1051 3763 non
1073 3701 1222 3764 curarint
1267 3702 1354 3765 Nunc
1403 3685 1408 3775 J

248 3811 450 3873 haecomnia
476 3811 597 3889 iustam,
624 3813 745 3891 quinam
766 3812 796 3873 lii
818 3810 1020 3873 Lataoienses
1046 3811 1174 3890 luerint,
1198 3811 1357 3892 interpre-
1409 3867 1411 3903 a

248 3919 394 3983 tationem
418 3937 480 3981 non
496 3921 655 3983 continere
678 3921 750 3983 mihi
770 3922 927 4001 persuasi:
949 3922 976 3982 si
997 3940 1046 3983 me
1066 3910 1167 4000 audis,
1187 3920 1365 4007 Cotum'en-¹
1394 3924 1418 4004 “’,

249 4047 299 4092 sea
314 4029 352 4091 ab
376 4030 462 4090 initio
485 4032 631 4111 scriplum
648 4033 713 4110 luit,
738 4033 787 4111 qui
809 4050 901 4112 supra
915 4032 1019 4111 p.35*.
1032 4032 1059 4106 l.
1073 4030 1122 4093 10.
1134 4037 1354 4094 recensentur:
1416 4037 1417 4090 3

249 4140 368 4204 litterae
392 4141 549 4221 utriusque
570 4141 732 4219 vocabuli,
756 4149 784 4203 et
808 4143 942 4222 corrupti
968 4148 998 4203 et
1021 4141 1109 4220 iusti,
1133 4148 1246 4205 tantam
1275 4142 1356 4204 inter
1420 4218 1421 4232 χ

249 4269 284 4315 se
306 4251 535 4315 similitudinem
558 4251 680 4330 hahent,
703 4259 736 4314 ut
752 4253 896 4315 facillime
918 4253 1085 4333 permutari
1105 4253 1259 4333 potuerint
1266 4271 1277 4328 3
1297 4268 1357 4313 ne-
1418 4241 1422 4311 i

250 4379 309 4444 que
331 4361 402 4426 huic
431 4361 638 4425 emendationi
666 4363 783 4443 obstat,
808 4363 889 4446 quod
914 4363 1108 4426 Cctarieases
1138 4363 1220 4427 iuter
1238 4360 1355 4435 miltes
1420 4445 1423 4451 μ
