2918 4914
95 245 1324 297 k———ffl—ffm-qe

387 406 613 458 cmxxxviii.
638 383 987 469 mana.113*.l.‘.“2.
1152 383 1246 455 893*
1297 298 1318 365 Ι

141 626 247 672 secum
271 608 498 672 miserabilibus
519 607 676 691 indigenis
699 607 792 673 solito
815 615 987 673 structurae
1001 625 1099 690 more,
1124 609 1246 675 tramite

141 736 158 780 a
181 719 259 782 mari
280 735 378 800 usque
400 717 439 783 ad
461 737 546 781 mare
567 718 648 782 inter
668 718 762 782 urbes
786 736 864 800 quae
887 717 1002 782 ibidem
1021 719 1102 782 forte
1121 719 1162 782 ob
1177 737 1248 782 me-

139 833 201 892 tum
222 827 356 891 hostium
380 827 552 893 collocatae
572 828 704 908 fuerant,
727 828 846 893 directo
868 828 1000 910 librant,
1022 828 1114 892 lortia
1136 827 1249 892 lormi-

141 935 252 1000 doloso
273 937 386 1019 populo
406 938 522 1003 monita
545 937 681 1020 tradunt,
704 939 892 1021 exemplaria
914 937 1172 1002 instituendorum
1192 955 1248 1001 ar·

140 1062 258 1109 morum
280 1046 473 1129 relinquunt,
507 1049 538 1110 in
562 1048 654 1112 litore
683 1065 806 1131 quoquc
835 1048 947 1112 oceani
974 1048 1013 1113 ad
1044 1047 1248 1112 meridianam

141 1155 283 1240 plagam,
312 1175 371 1239 qua
394 1176 490 1222 naves
514 1175 621 1222 eorum
644 1158 854 1240 habebantur,
877 1165 977 1222 turres
999 1176 1054 1239 per
1086 1155 1249 1221 intervalia

140 1266 180 1328 ad
201 1274 400 1348 prospectum
433 1269 526 1332 maris
550 1267 726 1349 collocant,
754 1268 823 1332 vale
856 1268 964 1332 dicunt
994 1275 1138 1351 tanquam
1167 1267 1249 1330 ultra

140 1392 202 1438 non
225 1379 393 1441 reversuri.
438 1379 503 1442 XV.
528 1377 576 1440 De
595 1378 687 1441 tertio
708 1378 892 1441 vostatione.
917 1379 1023 1461 ltaque
1047 1378 1107 1441 illis
1130 1378 1169 1442 ad
1193 1393 1249 1439 sua

139 1487 347 1551 remeantibus
367 1494 529 1570 emergunt
549 1490 687 1552 certatim
710 1488 750 1551 de
772 1489 921 1568 carrucis,
944 1489 1053 1570 quibus
1075 1493 1147 1551 sunt
1164 1492 1250 1549 trans

139 1593 290 1660 l'ithicam
310 1597 366 1676 [ul.
383 1598 548 1679 scyticam,
570 1597 611 1659 ut.
625 1597 784 1680 Styticam]
808 1586 920 1662 uallem
944 1605 999 1676 [oa
1011 1598 1168 1663 Scoticum
1181 1594 1252 1657 val-

139 1704 227 1769 lum?
249 1706 438 1769 Comdeaos:
456 1706 598 1789 possibly
618 1708 668 1770 tlse
689 1707 799 1771 Scotcb
820 1718 888 1790 seo]
910 1709 994 1772 vecti
1010 1755 1018 1771 .
1033 1756 1041 1771 .
1056 1708 1144 1771 ‚tetri
1169 1706 1252 1770 Soo—
1273 1733 1275 1737 ¹

140 1823 242 1880 torum
262 1818 477 1899 Pictorumque
500 1837 627 1903 greges,
652 1819 789 1883 moribus
813 1839 852 1883 ex
871 1824 959 1900 parte
980 1818 1179 1894 dissidentes,
1203 1820 1252 1879 set

142 1943 202 1990 una
230 1926 400 2009 eademque
423 1929 584 2012 sanguinis
608 1929 756 1993 fundendi
780 1927 927 1992 aviditate
953 1928 1128 1991 concordes
1151 1925 1253 1988 lurci-

143 2035 289 2118 lerosque
317 2039 417 2120 magis
438 2039 539 2103 vultus
561 2038 631 2120 pilis
658 2056 749 2120 quam
772 2055 937 2120 corporum
960 2036 1104 2119 pudenda
1128 2033 1252 2116 puden-

141 2143 250 2225 disque
279 2147 419 2226 proxima
442 2148 578 2211 vestibus
605 2154 764 2230 tegentes3
796 2147 984 2230 cognitaque
1014 2144 1251 2209 condebitorum

143 2259 325 2319 reversione
354 2263 384 2320 et
408 2258 527 2321 reditus
551 2248 759 2341 denegatione
784 2258 877 2321 solito
901 2257 1107 2321 confidentius
1129 2272 1252 2320 omnem

145 2363 350 2445 aquilonalem
375 2373 606 2450 extremamque
636 2374 738 2431 terrae
762 2372 881 2449 partem
906 2386 962 2449 pro
984 2366 1142 2450 indigenis
1162 2382 1251 2429 muro

143 2479 232 2537 tenus
245 2483 430 2557 capessunt.
485 2478 632 2543 Statuitur
654 2477 693 2541 ad
716 2478 795 2541 baec
817 2478 848 2540 in
878 2478 963 2542 edito
992 2478 1074 2542 areis
1104 2477 1189 2541 acies
1212 2473 1252 2538 ad

143 2601 287 2667 pugnam,
312 2587 457 2651 inhabilis
482 2589 520 2653 ad
544 2590 671 2673 lugam,
694 2589 896 2653 trementibus
919 2588 1113 2671 praecordiis
1138 2588 1253 2668 inepta,

143 2711 222 2775 quae
252 2696 361 2760 diebus
392 2718 430 2761 ac
454 2700 598 2763 noctibus
630 2699 752 2781 stupido
785 2699 876 2762 sedili
907 2698 1076 2763 marcebat.
1131 2699 1259 2762 interea·

142 2821 206 2866 non
227 2812 353 2869 cessant
374 2808 521 2873 uncinata
550 2809 705 2872 nudorum
735 2807 815 2888 tela,
840 2808 950 2891 quibus
978 2807 1143 2871 miserrimi
1168 2806 1254 2870 cives

143 2912 183 2975 de
215 2915 311 2978 muris
346 2919 437 2980 tracti
468 2918 537 2981 solo
570 2917 794 2981 allidebantur:
828 2916 890 2981 hoc
915 2917 982 2981 scil.
997 2918 1043 2981 eis
1073 2919 1254 2981 immaturae

142 3026 250 3088 mortis
274 3026 473 3108 supplicium,
499 3029 550 3110 qui
578 3029 631 3092 tali
658 3030 767 3093 struere
795 3028 1017 3109 rapiebantur,
1042 3028 1171 3092 fratrum
1193 3044 1254 3108 quo

141 3136 401 3218 pigrioremque)
431 3155 558 3201 suorum
589 3139 784 3203 miserandas
820 3139 1015 3202 imminentes
1048 3155 1168 3219 poenas
1193 3137 1254 3199 cito

144 3244 227 3307 exitu
257 3245 445 3309 devitabant.
492 3247 571 3322 Quid
603 3248 715 3328 plural
746 3248 864 3312 relictis
897 3246 1072 3310 civilatibus
1104 3263 1255 3327 muroque

144 3353 230 3418 celso
254 3355 365 3419 iterum
388 3356 498 3437 quibus
520 3357 624 3439 rugae,
648 3357 759 3420 iterum
785 3357 997 3440 dispersiones
1020 3356 1113 3420 solito
1140 3356 1257 3437 despe-

143 3464 319 3529 rabiliores.
351 3466 423 3530 item
446 3466 484 3529 ab
506 3466 596 3530 hoste
618 3466 858 3545 insectationes,
881 3467 954 3530 item
976 3471 1099 3548 strages
1130 3464 1257 3530 accele-

143 3579 250 3639 rantur
284 3575 497 3656 crudeliores,
529 3583 559 3639 et
583 3577 664 3640 sicut
685 3578 759 3660 agni
789 3598 806 3640 a
829 3576 1024 3656 lanionibus,
1048 3576 1090 3638 ita
1120 3575 1256 3640 dellendi

145 3685 230 3763 cives
246 3686 285 3749 ab
301 3686 437 3750 inimicis
458 3687 685 3769 discerpuntur,
705 3692 739 3749 ut
760 3687 1014 3751 commemoratio
1038 3704 1147 3751 eorum
1169 3686 1257 3750 lera-

143 3814 209 3860 mm
233 3797 458 3862 assimilaretur
479 3799 658 3882 agrestium.
704 3796 784 3861 XVl.
798 3797 846 3860 Dc
865 3798 957 3878 some.
1015 3797 1109 3862 Xllll.
1122 3796 1171 3860 De
1188 3797 1254 3877 epi.

144 3906 241 3968 stolia
271 3907 368 3990 igitur
388 3925 510 3971 rursum
534 3909 668 3972 miserae
692 3907 843 3988 reliquiae
865 3907 1021 3970 mittentes
1044 3906 1192 3989 epistolas
1216 3904 1256 3969 ad

144 4014 283 4101 Agitium
316 4017 466 4098 [Aetium]
494 4019 652 4082 Romanae
681 4017 842 4100 potestatis
865 4016 966 4080 virum
994 4015 1255 4096 [eons.a.446.]‚

142 4125 204 4190 boc
242 4126 336 4190 modo
369 4127 532 4209 loquentes
567 4124 855 4212 inquiuntz‘rlgitio
891 4133 939 4201 ter
974 4127 1095 4191 consuli
1123 4126 1256 4212 gemitus

142 4234 380 4300 Britannorum'.
404 4243 435 4299 et
456 4244 527 4319 post
548 4236 846 4320 pauca..‘repellunt
864 4254 924 4301 nos
947 4236 1074 4301 barbari
1097 4236 1136 4299 ad
1160 4252 1256 4312 mare,

143 4346 264 4428 repellit
296 4365 354 4411 nos
385 4367 471 4412 mare
505 4350 545 4412 ad
582 4350 754 4429 barbaros;
791 4350 872 4414 inter
908 4349 988 4413 baec
1025 4347 1167 4412 oriuntur
1196 4343 1258 4406 duo

1003 4452 1054 4530 49
