2918 4914
113 214 1346 289 (mr-„ww”

453 400 648 449 cursuri·
673 378 918 449 noenu.106*.
939 388 966 463 1.
977 382 1012 449 2.
1179 377 1269 457 819*

167 602 319 666 vocabulo
343 601 509 664 maritimas
540 617 610 662 oras
640 589 864 676 inhabitantes,
893 602 1182 680 παραθαλασσίους
1202 605 1271 670 sive

160 715 399 793 παρωκεανιάυς
422 710 589 793 significari
615 716 753 788 constat,
780 708 927 787 adscribi,
953 716 983 771 et
1007 712 1089 791 quod
1113 715 1270 794 praesidia

161 825 223 887 hoc
247 822 344 902 capite
368 827 544 884 enumerata
574 823 605 882 in
628 820 738 883 iisdem
768 820 879 881 linibus
904 822 1004 883 omnia
1033 822 1130 886 luisse
1153 810 1270 905 opinati

162 939 240 996 sunt.
285 932 401 994 Caesar
429 931 511 993 enim
534 931 574 992 de
596 930 629 992 Β.
648 929 683 992 G.
701 930 778 993 haec
803 930 911 993 habet:
937 930 1036 994 1134.
1052 977 1079 1012 ,.
1102 934 1287 1016 ‚Venetos,‘

163 1042 304 1120 Unellos,
330 1040 497 1126 osismios,
522 1039 744 1114 Coriosolitas,
764 1040 932 1119 Sesuvios,
954 1041 1120 1122 Aulercos,
1141 1043 1271 1110 Rhedo-
1367 1119 1370 1123 ,
1394 1082 1398 1091 =

162 1172 235 1231 nes,
259 1171 336 1233 quae
366 1158 437 1215 sunt
464 1151 634 1215 maritimae
661 1151 801 1214 civitates
824 1169 1036 1232 oceanumque
1069 1153 1270 1237 adtingunt“;

160 1265 195 1327 V.
206 1263 256 1327 53.
275 1263 459 1326 mentionem
482 1262 557 1325 lacit
578 1280 702 1341 ,earum
727 1262 881 1325 civitatum
905 1281 983 1345 quae
1005 1265 1190 1329 Armoricae
1212 1267 1271 1331 ad-

160 1373 341 1455 pellanlur“,
366 1378 428 1435 tum
442 1371 506 1433 Vll.
521 1373 570 1433 75.
585 1370 719 1453 loquitur
739 1371 779 1433 dc
798 1373 969 1451 ,universis
992 1374 1168 1438 civitatibus
1191 1394 1271 1458 quae

161 1501 310 1548 oceanum
335 1483 515 1565 adtingunt,
544 1499 682 1563 quaeque
708 1499 814 1545 eorum
838 1483 1063 1547 consuetudine
1085 1485 1270 1554 Armoricae

160 1593 370 1675 adpellantur3
395 1611 455 1674 qno
474 1593 591 1657 suntin
612 1609 741 1654 numero
766 1579 979 1674 Coriosolites,
999 1595 1178 1677 Rhedones,
1192 1599 1271 1662 Ana-

158 1705 267 1782 bibari‚
294 1702 426 1782 Caletes,
451 1702 587 1781 Osismii,
611 1703 802 1781 Lemovices,
827 1704 946 1783 Veneti,
971 1705 1088 1769 Unelli“
1102 1726 1113 1786 ;
1136 1706 1271 1790 denique

162 1815 241 1896 apud
269 1813 397 1877 Hirtium
418 1812 561 1876 1111131.
580 1819 787 1876 memorantur
810 1820 1013 1896 ,ceteraeque
1043 1817 1184 1881 civitates
1210 1836 1272 1900 po·

159 1924 291 2000 silacia
316 1923 428 1986 ultimis
452 1922 569 1987 Galliae
591 1923 712 2003 linibus,
735 1940 855 1986 oceano
879 1925 1079 2005 coniunctae,
1104 1944 1183 2008 quae
1206 1930 1271 1994 Ar-

160 2035 298 2098 moricae
335 2033 555 2116 adpellantur“.
611 2034 716 2114 ltaque
750 2041 877 2115 apparet
910 2035 1092 2099 Armoricae
1126 2037 1268 2102 civitates

161 2163 237 2226 quas
259 2144 374 2207 Caesar
398 2152 565 2222 enumerat,
588 2144 697 2225 parlim
722 2149 752 2204 et
775 2145 806 2205 in
828 2143 936 2207 dextra
958 2145 1130 2226 Sequanae,
1155 2153 1188 2208 ut
1207 2148 1270 2212 (la-

158 2254 236 2318 letes
256 2255 322 2317 sive
345 2254 469 2317 Caletae
496 2255 559 2335 (sic
580 2254 655 2317 Ptol.
672 2254 812 2332 intio).
826 2272 881 2317 eos
908 2255 1073 2337 appellat),
1098 2257 1207 2337 partim
1238 2265 1269 2323 et

161 2366 191 2427 in
222 2364 345 2428 sinistra
374 2365 494 2448 Ligeris
523 2365 607 2446 ripa,
631 2369 663 2425 ut
690 2364 888 2442 Lemovices,
913 2366 964 2445 qui
988 2366 1174 2447 Aquitaniae
1198 2367 1268 2431 Pri-

161 2492 229 2538 mae
257 2473 386 2556 populus
420 2474 494 2553 luit,
521 2474 624 2558 (unde
659 2492 715 2555 pro
742 2468 939 2536 ‘Lemovices'
960 2480 1031 2555 post
1063 2476 1142 2541 alios
1177 2477 1268 2543 etiam

162 2584 304 2648 Zeussius
322 2579 483 2662 ‘Lexovii’,
504 2589 537 2645 ul
559 2589 606 2646 est
623 2584 655 2648 B.
668 2583 703 2647 G.
720 2583 948 2662 111.9.11.17.,
974 2583 1047 2667 legi·
1062 2586 1142 2667 vult)
1170 2600 1269 2669 quae-

160 2695 274 2758 rendas
307 2711 397 2772 esse,
425 2700 455 2757 et
485 2695 526 2758 ila
553 2694 620 2774 ipse
642 2693 832 2757 D’Anvillius
855 2693 913 2758 hos
941 2695 1070 2776 populos
1093 2697 1268 2762 collocavit.

161 2805 198 2867 Et
216 2803 376 2867 Ambibari
399 2805 501 2882 eliam,
524 2805 550 2868 si
573 2823 641 2866 cum
664 2804 808 2868 Cluverio
831 2805 1020 2887 Zeussioqne
1044 2825 1099 2870 eos
1120 2826 1177 2888 pro
1191 2809 1270 2873 Am-

160 2913 284 2992 biliatis,
309 2915 361 2994 qui
382 2913 415 2975 B.
429 2914 462 2976 G.
475 2914 525 2976 lll.
539 2915 568 2978 9.
587 2921 810 2993 memorantur,
836 2909 1024 2998 eosdemque¹
1048 2935 1104 2997 pro
1125 2919 1269 2984 Ambila-

161 3026 216 3088 tris
242 3024 399 3103 sumimus,
424 3042 501 3105 quos
523 3027 639 3105 primos
665 3026 745 3088 inter
764 3025 986 3104 Aquitanicus,
1010 3028 1041 3087 in
1067 3027 1192 3092 sinistra
1214 3030 1270 3094 Li-

161 3135 247 3218 geris
284 3134 429 3197 sedentes
459 3134 534 3197 Plin.
550 3134 585 3197 ll.
598 3135 633 3198 N.
655 3136 703 3197 lV.
722 3133 769 3217 19.
790 3140 866 3198 secl.
882 3135 933 3198 33.
952 3142 1115 3215 recenset,
1147 3137 1198 3201 isti
1228 3138 1269 3202 de

161 3246 361 3309 Aremoricae
383 3244 494 3307 finibus
519 3245 657 3324 opinioni
678 3250 874 3328 repugnant:
906 3245 984 3317 Quid
1010 3245 1091 3326 quod
1111 3246 1208 3309 Plinio
1229 3247 1267 3334 ll.

160 3357 196 3419 N.
211 3355 258 3418 lv.
273 3356 320 3417 li.
334 3361 410 3417 sect.
423 3354 486 3432 31,
510 3371 600 3435 quem
623 3371 747 3416 errasse
768 3353 907 3434 plerique
928 3354 994 3417 lere
1017 3352 1124 3418 omnes
1139 3356 1269 3438 signifi-

162 3482 234 3527 care
265 3465 339 3527 satis
370 3463 485 3526 habere
514 3462 634 3540 solent,
665 3463 755 3543 ,inde
781 3473 814 3540 (a
846 3462 1017 3538 Garumna)
1050 3464 1089 3526 ad
1118 3464 1269 3546 Pyrenaei

160 3574 272 3638 montis
294 3564 460 3638 excursum*
478 3574 661 3655 Aquitanica
682 3572 824 3654 (Gallia),
848 3573 1029 3637 Aremorica
1052 3578 1143 3637 antea
1166 3558 1284 3640 dicta“''

162 3686 357 3750 extenditur?
371 3688 392 3727 ⁴*
434 3686 541 3767 Neque
560 3685 691 3748 Ausonii
713 3700 822 3747 versus
846 3684 931 3765 epist.
946 3682 997 3744 IX.
1012 3682 1061 3746 35.
1072 3701 1138 3764 sqq.

349 3800 430 3864 „Sunt
448 3805 475 3848 et
494 3798 639 3849 Aremorici
659 3797 704 3864 qui
724 3794 832 3846 laudent
851 3802 938 3847 ostrea
957 3796 1041 3861 ponti,

168 3900 455 3915 ...u—.—

264 3962 293 4027 1)
315 3961 390 4023 Quod
414 3960 514 4013 Plinius
541 3963 639 4013 ibidem
659 3979 690 4027 „a
710 3960 805 4014 Scalde
825 3960 857 4012 ad
877 3960 1024 4028 Sequanam
1044 3960 1172 4033 Belgica“
1191 3962 1267 4028 dixit,
1353 4016 1356 4023 ,

162 4057 240 4110 idad
264 4057 421 4108 divisionem
443 4059 491 4109 sub
512 4058 560 4110 lul.
580 4058 694 4110 Caesare
714 4061 858 4110 institutam
879 4058 1046 4110 referendum
1068 4067 1109 4111 est
1134 4059 1266 4129 [enne

162 4155 195 4207 11.
208 4153 258 4223 Al,
278 4162 305 4205 el
317 4155 386 4222 quod
405 4161 470 4206 acet.
487 4172 543 4224 seq.
553 4155 619 4207 dixit
638 4156 836 4226 „Lugdunensis
856 4155 941 4208 Gallia
955 4157 1035 4209 lrahet
1046 4157 1186 4220 Lexouios,
1202 4154 1267 4208 Vel·
1387 4220 1390 4225 .
1448 4142 1456 4159 ’

163 4252 291 4315 locasses,
314 4249 445 4303 ῦαΙΙαῐοεα
467 4254 497 4321 [i.
510 4252 647 4305 eCaletna
663 4253 759 4324 Pronq,
777 4253 802 4303 id
823 4253 855 4304 ad
875 4253 1032 4308 divisionem
1052 4255 1100 4307 suh
1120 4254 1266 4307 Octaviano

163 4347 278 4399 Caesare
299 4348 393 4400 iactam
416 4352 539 4416 partinet.
