2918 4914
117 238 1331 356 idm!

194 386 285 460 576*
305 408 513 459 111.1υηοτ.
524 406 596 456 occ.
607 407 675 456 car.
685 406 877 458 xxmcouas
891 382 997 459 orion.
1011 407 1127 455 saxon.
1138 407 1195 455 em
1206 407 1292 454 onir.

192 607 291 673 sidem
315 606 451 670 Flavium
468 607 611 671 Sanctum
634 605 791 671 oblivione
812 607 844 668 in
865 606 1075 671 Parentalibns
1100 608 1166 672 suis
1189 605 1296 669 vindi-

193 717 292 780 cavit.
308 764 338 779 ..
369 717 526 780 Claudium
557 717 737 780 Contentum
757 723 912 798 patruum,
942 718 993 798 qui
1015 717 1171 799 ingentem
1195 734 1295 798 pecu-

190 827 273 889 niam
296 827 419 897 soenori
442 827 522 891 inter
543 826 706 892 Britannos
727 833 906 908 occupatam
930 832 961 890 et
982 827 1083 890 usuris
1106 825 1294 907 multiplica-

64 992 70 1007 ,
189 942 251 1000 tam
273 937 540 1001 extraneismorte
560 944 738 1019 praereptus
757 937 855 1019 liquit,
877 937 928 1001 bic
945 938 1035 1000 etiam
1056 938 1146 1000 situm
1168 935 1293 1000 funebri

190 1047 327 1111 carmine
350 1048 546 1129 prosequitur
566 1038 733 1113 Ausonius.
777 1048 849 1112 Post
868 1048 1022 1113 Saxonum
1045 1048 1211 1112 adventum
1232 1044 1293 1109 llo-

191 1163 320 1221 ruerunt
343 1158 434 1220 etiam
455 1156 635 1239 libutupiae.
686 1155 957 1234 Ethelbertijenim
987 1159 1087 1223 cantii
1116 1157 1201 1240 regis
1231 1156 1294 1220 Re-

188 1266 272 1348 giam
303 1267 399 1332 luisse
425 1259 596 1331 memorant
617 1267 785 1349 scriptores
793 1289 803 1347 ;
832 1268 977 1349 Bedaqoc
1007 1267 1139 1331 civitatis
1166 1265 1293 1328 nomine

188 1376 360 1458 insignivit.
404 1376 480 1441 lnde
504 1377 638 1441 deficere
660 1377 780 1459 coepit,
802 1395 861 1467 nec
882 1395 995 1442 nomen
1016 1394 1144 1458 usquam
1166 1375 1292 1457 legitur,

126 1511 130 1541 ι
188 1485 249 1548 nisi
271 1486 350 1568 apud
375 1485 537 1551 Aliredum
557 1486 829 1578 beverlacensem,
854 1489 905 1570 qui
926 1487 1093 1552 Alcherum
1116 1504 1185 1553 cum
1210 1485 1295 1550 Gan·

188 1597 308 1660 tuaritis
330 1597 437 1663 Danos
459 1597 567 1679 spoliis
591 1598 762 1679 implicatos
791 1598 830 1662 ad
853 1597 933 1662 banc
960 1596 1129 1678 liicbberpe
1150 1602 1225 1659 tunc
1247 1594 1294 1658 di-

188 1713 267 1770 ctam
291 1706 409 1772 fudisse
431 1709 544 1789 prodit.
597 1709 685 1772 Nunc
706 1725 782 1773 vero
806 1709 936 1791 vestigia
959 1707 1025 1772 eius
1048 1707 1150 1770 omnia
1173 1711 1295 1786 tempus

188 1816 295 1907 erasit,
319 1818 502 1882 ..semiruta
525 1817 675 1899 quaedam
689 1817 771 1881 arcis
793 1817 916 1880 moenia
937 1815 1037 1881 solum
1058 1815 1195 1897 reliquit,
1214 1833 1296 1898 qua-

187 1924 274 1989 drata
299 1926 397 1990 forma
422 1926 530 1990 sabulo
560 1920 759 2019 tenacissimo
786 1925 972 1989 materiata·
1000 1916 1192 2007 Ἀκρόπολιν
1223 1943 1295 1990 esse

187 2032 349 2115 diiudices,
372 2036 433 2099 situ
448 2036 528 2100 adeo
544 2035 666 2101 sublimi
677 2035 864 2120 uliginosam
882 2036 915 2098 in
928 2035 1043 2099 Taneto
1059 2035 1219 2116 planitiem
1235 2034 1297 2098 de-

166 2135 286 2225 spicit,
304 2147 401 2228 'quam
419 2146 566 2225 ⁸Oceanus
589 2165 624 2210 se
645 2145 789 2228 paulatim
810 2128 1019 2210 subtrahendo
1032 2145 1166 2226 reliquit.
1201 2144 1296 2209 Urbis

185 2259 287 2318 autem
301 2274 374 2319 area
391 2274 472 2330 nunc
494 2262 598 2319 aratro
620 2255 777 2336 proscissa
791 2272 932 2318 nummos
942 2255 1149 2319 Romanorum
1165 2272 1293 2333 aureos

157 2352 160 2359 ’
184 2381 296 2428 aereos
322 2373 352 2428 et
373 2370 552 2447 argenteos,
578 2364 737 2428 vetustatis
758 2381 813 2427 sua
830 2363 946 2427 indicia
967 2381 1192 2445 saepenumero
1213 2382 1295 2447 cge-

183 2474 234 2553 rit,
257 2473 436 2556 prolemque
459 2492 546 2539 suam
576 2472 667 2554 paulo
689 2473 822 2536 inferius
841 2473 1109 2553 ostendit‚-quam
1132 2493 1149 2536 a
1180 2473 1294 2538 sabulo
1315 2536 1330 2549 ,

183 2582 320 2646 Sondoic
341 2583 449 2649 dixere
471 2565 622 2661 Suiones,
645 2599 703 2645 nos
726 2599 802 2646 vero
825 2581 999 2658 sandwici,
1021 2601 1038 2645 e
1061 2583 1198 2664 quinque
1216 2602 1296 2666 por-

78 2730 84 2748 r
182 2699 277 2773 tuum,
302 2710 380 2774 quos
404 2699 528 2772 vocant,
550 2698 706 2756 numero“.
733 2692 779 2756 Gi.
793 2691 1073 2757 camden-Gibson.
1087 2710 1116 2773 p.
1126 2692 1293 2775 901.sqq.‚

62 2854 69 2876 .
184 2802 295 2867 Gellar.
309 2804 331 2866 l.
350 2821 379 2885 p.
395 2803 468 2868 331.
482 2813 512 2881 s.
527 2802 590 2881 23„
613 2801 802 2885 Wcsseling.
814 2801 853 2865 ad
870 2803 904 2865 lt.
915 2801 986 2865 Ant.
1002 2819 1031 2882 p.
1045 2799 1131 2880 473„
1157 2802 1250 2866 Brun.
1263 2803 1292 2866 la

180 2912 302 2976 llartin.
314 2932 343 2975 v.
353 2912 519 2992 Rutupiae,
534 2914 661 2994 liutger.
673 2913 775 2976 Herm.
788 2930 816 2993 p.
826 2910 911 2988 303„
924 2910 1074 2975 blunncrt.
1083 2910 1119 2974 lle
1132 2912 1161 2974 9.
1174 2930 1204 2993 p.
1220 2911 1290 2976 160.

184 3020 272 3101 194„
304 3022 516 3088 Reicbard..b.
533 3042 583 3103 v.,
618 3023 747 3105 Georgii
763 3021 800 3084 11.
817 3040 846 3103 p.
864 3019 932 3084 135.
950 3019 1023 3102 ibiq.
1042 3021 1092 3083 cit.
1103 3020 1289 3086 Volkmann.

180 3130 293 3194 lieisen
304 3133 327 3196 l.
341 3131 454 3213 past.
479 3132 606 3195 Gorton.
619 3131 688 3194 bv.
713 3127 956 3210 „liiclrboroaylc
968 3147 1013 3191 co.
1027 3126 1155 3191 llantd
1178 3130 1291 3195 bornlet

178 3240 211 3302 in
236 3241 285 3304 tlte
307 3240 419 3322 porislu
446 3240 484 3320 of
500 3239 567 3302 Aslr
591 3239 655 3303 aad
674 3238 813 3301 inridred
834 3238 872 3318 of
896 3236 1068 3317 ll'iaylrurn,
1090 3238 1173 3300 latire
1200 3241 1239 3321 of
1255 3239 1285 3304 S.

177 3350 341 3432 Aayustirr.
388 3349 460 3412 liris
475 3368 543 3412 aas
564 3349 612 3411 tlte
626 3346 793 3428 Rutupinus
812 3346 849 3427 of
866 3344 914 3407 tle
928 3345 1064 3409 liemons
1083 3348 1149 3410 aad
1163 3367 1186 3411 a
1196 3351 1287 3429 ploce

36 3517 44 3522 .
149 3504 152 3508 Α
177 3460 216 3540 of
232 3458 446 3523 cmmideroble
467 3459 657 3540 importonce
677 3456 723 3519 att
746 3454 908 3535 destroyed
928 3453 967 3534 by
988 3454 1037 3517 tlte
1057 3455 1165 3519 Dones
1186 3458 1220 3520 in
1240 3456 1285 3519 tlte

132 3636 139 3646 ,
174 3585 255 3648 year
277 3569 369 3637 1010.
414 3568 497 3632 llere
519 3586 575 3631 ore
603 3565 652 3629 tie
681 3564 816 3628 remeius
847 3563 885 3643 of
904 3562 953 3624 tlte
976 3564 1100 3644 [amous
1126 3568 1224 3629 castle
1255 3563 1288 3646 of

174 3677 307 3759 liatrrpi,
331 3678 431 3743 wlticlt
448 3684 577 3758 present
599 3696 619 3740 o
638 3681 718 3738 most
735 3673 857 3755 perfect
876 3672 1027 3753 specimen
1047 3674 1215 3755 oslionrun
1229 3693 1282 3739 ur-

149 3790 153 3800 '
176 3786 363 3862 cltitecture3
389 3788 438 3850 tire
459 3788 551 3849 relies
574 3786 612 3868 os
628 3804 650 3848 o
669 3784 788 3848 Moron
808 3782 1029 3862 amphitheatra
1053 3802 1110 3847 are
1132 3787 1203 3849 olso
1223 3783 1284 3849 still

173 3913 255 3979 oery
276 3903 450 3979 apparent,
471 3894 593 3977 tlrouylr
610 3894 659 3956 tie
681 3892 778 3955 banis
801 3891 881 3954 bore
902 3891 976 3955 been
998 3895 1104 3976 partly
1124 3892 1285 3978 destroyed

173 4002 216 4087 by
238 4006 287 4069 tlte
308 4003 487 4086 operatione
510 4003 548 4083 of
563 4001 769 4081 bnsbandry“.

260 4154 301 4166 -
324 4116 352 4191 i.
380 4115 443 4194 10.]
463 4109 515 4194 pp
537 4106 614 4193 aa,
645 4108 820 4189 Praepositi
840 4126 887 4173 uu.
911 4150 949 4162 -
980 4114 1027 4176 De
1056 4101 1284 4182 Abiateis‘vide

80 4275 83 4279 .
174 4243 268 4308 supra
281 4244 310 4307 p.
325 4223 413 4288 285&
426 4240 473 4302 sq.
483 4220 522 4285 ad
537 4240 567 4303 p.
577 4221 645 4286 37*.
657 4221 685 4296 l.
698 4221 723 4282 1.
738 4256 778 4266 -
799 4219 973 4286 Anderidoe
985 4221 1077 4301 Μὴ
1099 4228 1285 4294 uocabulum

173 4334 350 4399 Anderidos
366 4330 536 4416 quodmss·
552 4336 583 4394 et
605 4345 642 4391 aa
658 4329 688 4392 b.
700 4328 721 4392 l.
733 4346 796 4393 non
818 4340 999 4415 agnoscunt,
1019 4354 1059 4400 ex
1080 4337 1286 4424 inscriptione

97 4470 120 4545 l
563 4529 575 4540 ,
