2918 4914
201 394 290 473 794*
316 422 433 470 innon
443 421 483 469 nu
498 418 649 468 uonooc.
661 417 874 466 otnxxxrnr.
889 414 1173 466 ornaturum-ur
1184 413 1225 460 ιι.

181 627 301 684 -menta
324 621 532 702 etymologica
546 623 577 700 ⁴⁴,
601 636 701 700 neque
724 619 807 680 iuvet
827 618 893 681 eius
917 617 1066 698 opinioni,
1088 615 1145 680 sed
1165 618 1305 690 nostrae,

143 719 147 730 ⁴
199 731 377 794 stativorum
403 738 648 795 enumeratorum
672 729 788 792 series:
813 728 932 808 ipsein
956 727 1026 795 uico
1049 723 1229 805 turingea,
1253 719 1306 802 qui

198 842 225 904 ΙΙ
247 842 308 904 mil.
323 860 434 925 geogr.
447 862 465 906 a
489 841 701 904 it'eissenttorn
714 840 817 917 distat,
831 845 932 901 castra
946 837 1079 901 Febiana
1098 836 1164 899 sive
1176 827 1305 898 Piniana

198 961 284 1030 (nam
311 959 440 1033 utraque
463 943 639 1028 confundit)
673 950 849 1032 quaerenda
880 969 951 1013 esse
973 949 1122 1030 opinatur.
1157 946 1199 1010 oi.
1218 946 1303 1026 adp.

201 1063 287 1126 101⁴.
298 1064 344 1139 tt.
358 1062 387 1124 9.
398 1063 477 1125 etad
492 1080 558 1142 sqq.
569 1063 613 1138 tt.
627 1062 676 1125 28.
686 1079 753 1141 sqq,
767 1065 922 1123 annotata.
966 1058 1121 1122 Wersebii
1137 1056 1302 1133 sententia,

198 1150 494 1236 Venaxamodurum
509 1173 541 1233 in
563 1172 702 1235 faucibus
724 1168 953 1249 Finetemmiuu,
975 1170 1028 1231 ubi
1050 1167 1175 1231 Tirolim
1197 1167 1303 1230 Oenus

200 1282 303 1360 intrat,
327 1282 464 1359 (Hassel.
477 1280 612 1343 Oesterr.
626 1300 654 1361 p.
664 1280 754 1355 997.)
768 1279 840 1342 olim
863 1280 997 1357 stetisse,
1020 1297 1060 1342 ex
1075 1277 1217 1340 omnihus
1236 1294 1303 1339 ma-

23 1415 31 1427 ·
146 1438 151 1443 .
200 1391 283 1454 xime
307 1392 518 1472 improbabilis
533 1399 588 1455 est.
625 1392 721 1453 Etiam
745 1389 1062 1454 seriescastellorum
1078 1387 1303 1451 recensitorum

200 1498 361 1579 plurimum
383 1507 509 1564 nostrae
531 1500 728 1563 coniecturae
752 1500 843 1562 iavet..
873 1494 880 1513 ¹
1204 1530 1211 1538 ·

284 1643 327 1663 -a
342 1611 387 1686 tt.
397 1611 447 1672 96.
458 1621 518 1691 sq.]
542 1609 687 1672 Retorum
701 1603 875 1700 widinis,
895 1609 1061 1672 Rettorum
1080 1604 1116 1689 ff,
1137 1605 1302 1670 idiotarum

200 1727 293 1782 uenat.
319 1722 359 1786 ci.
372 1723 511 1801 proxime
537 1721 728 1800 superiorem
750 1728 863 1784 notam.
887 1761 927 1771 -
954 1721 1120 1783 Poroduno
1137 1721 1179 1796 it,
1201 1716 1302 1780 Puro-

94 1846 101 1857 ·
199 1834 292 1908 duno,
314 1831 497 1895 Parroduno
520 1825 783 1922 wtiaunt¹‚⁶»²,si‚
808 1830 990 1894 Parroduno
1011 1834 1084 1896 2²3³.
1129 1828 1303 1892 Parrodum

198 1942 426 2021 Raiser.(Rdm.
439 1943 476 2005 A.
488 1962 528 2004 nu
541 1944 654 2024 Amat.
667 1946 775 2025 poi.)
793 1947 868 2019 Quis
891 1962 953 2007 non
977 1942 1127 2026 cogitabit
1147 1941 1186 2004 de
1208 1939 1301 2016 fluvio

192 2053 261 2117 Pur
274 2073 299 2117 s.
311 2052 405 2133 Puer,
425 2054 504 2118 inira
525 2054 691 2135 Ingotstodt
714 2073 809 2136 prope
832 2056 934 2117 vicum
954 2041 1117 2134 dianetum
1138 2052 1196 2129 (ei.
1210 2068 1301 2131 supra
1353 2082 1357 2201 Ι

199 2165 237 2228 ad
250 2167 295 2242 tir.
305 2166 407 2242 2...4.)
417 2165 556 2228 Danubio
578 2184 650 2229 sese
664 2166 837 2228 miscente?
861 2166 981 2230 scilicet
997 2182 1087 2227 nemo
1101 2181 1190 2244 quem
1206 2161 1302 2224 sciam

201 2276 240 2339 de
256 2293 294 2338 eo
310 2276 458 2358 cogitavit
464 2297 473 2353 ;
496 2294 597 2357 neque
611 2276 691 2340 bene
707 2276 795 2339 vullis
810 2275 898 2339 huius
917 2276 1002 2339 ssuvii
1014 2273 1116 2338 ordini
1139 2289 1303 2336 enumera-

198 2390 298 2447 torum
312 2383 506 2448 castellorum
525 2386 696 2448 convenire
710 2385 841 2464 videtur,
852 2386 911 2448 nisi
927 2386 1008 2448 forte
1022 2385 1055 2446 in
1071 2383 1185 2446 vicinia
1200 2378 1304 2463 oppidi
1348 2330 1356 2497 ip

159 2537 163 2544 ·
199 2494 335 2556 Atctoct
356 2495 500 2575 areisque
523 2494 716 2557 Wittetsbuetr
734 2496 870 2574 (Hassel.
886 2515 914 2576 p.
927 2494 998 2559 270.
1011 2507 1075 2574 sq.)
1091 2492 1251 2557 castelium
1274 2489 1302 2552 d.
1348 2451 1351 2529 i

199 2622 267 2684 (pa.
282 2606 373 2666 stetit.
399 2609 484 2666 corte
503 2605 622 2668 Raiseri
645 2607 797 2669 sententia
823 2607 898 2668 satis
920 2604 1000 2668 bene
1028 2604 1072 2666 illi
1101 2603 1205 2666 ordini
1226 2618 1304 2664 con·
1347 2542 1356 2697 ,d

199 2711 292 2772 venit.
315 2712 366 2774 hic
388 2712 468 2773 enim
491 2713 591 2789 (ns
610 2713 884 2789 {inpetraturum
904 2732 1017 2777 nomen
1038 2714 1178 2796 gessisse
1201 2711 1303 2774 eonti-
1347 2722 1355 2854 Ι

200 2837 290 2883 nuum
314 2826 501 2899 castrorum,
526 2823 634 2902 partim
664 2823 701 2884 ab
732 2824 799 2903 ipso
824 2824 1063 2901 dehumatorum,
1087 2823 1201 2885 seriem
1226 2838 1302 2882 eon-
1347 2846 1354 2901 Ι

199 2929 306 3008 tendit,
329 2948 408 3011 quae
428 2930 467 2994 ab
489 2948 557 3012 opp.
572 2932 745 3012 diustinpen
759 2934 894 3009 (flasset.
905 2952 933 3014 p.
945 2935 1035 3008 279.)
1048 2951 1145 3014 usque
1161 2932 1302 2994 adnisos
1346 2906 1354 3020 if

202 3038 362 3102 Tiatrieim
385 3047 415 3103 et
442 3041 666 3126 Drusomagum
697 3061 815 3135 usque,
843 3062 898 3124 per
921 3050 1051 3107 tractum
1076 3038 1303 3105 nonan-utet
1345 3006 1354 3203 ΙΙ

199 3152 330 3232 dictum,
352 3153 391 3215 ad
415 3159 534 3216 montes
558 3153 629 3216 olim
655 3156 798 3234 fereper
825 3173 882 3217 sex
902 3154 1047 3218 horarum
1077 3152 1300 3237 longitudinem
1345 3060 1348 3219 1

199 3281 270 3327 sese
293 3263 493 3327 extendisset.
521 3263 623 3340 (Quae
640 3265 722 3328 idem
736 3265 856 3329 Raisor.
869 3249 951 3327 ita.
963 3284 1002 3326 nu
1013 3263 1126 3350 Augai.
1136 3282 1165 3346 p.
1175 3265 1227 3327 57.
1239 3267 1299 3326 not
1349 3276 1353 3403 Ι

198 3375 249 3469 86
266 3374 305 3439 de
328 3375 462 3438 Parrado
486 3382 571 3453 [narn
593 3377 640 3440 bis
663 3375 837 3438 Parrodum
859 3375 955 3456 dedit]
983 3382 1014 3438 et
1037 3375 1077 3438 de
1100 3375 1169 3438 coh.
1184 3376 1207 3437 1.
1223 3375 1302 3438 Her·

1345 3602 1348 3633 t

300 3677 334 3745 *)⁴
351 3677 495 3732 i.c.n.10.
510 3680 565 3744 „Za
585 3679 841 3745 Venaxamodurum,
860 3638 908 3732 uie
928 3681 975 3732 der
985 3681 1071 3737 diuma
1089 3679 1212 3732 ondeutet
1232 3680 1300 3751 [scil.

75 3787 82 3797 ’
201 3771 358 3822 euenaudo
374 3754 473 3824 deduci
493 3775 580 3847 vuit]‚
600 3777 629 3828 in
656 3779 729 3830 einer
751 3776 926 3846 jugdreiciten
947 3776 1066 3847 Gegend,
1091 3777 1146 3829 und
1164 3794 1201 3829 an
1221 3779 1303 3830 einen
1347 3786 1349 3796 '

203 3865 290 3917 ptum
308 3867 415 3936 gelegeu
434 3874 481 3938 (au
503 3871 549 3922 der
569 3873 660 3945 nott),
678 3874 784 3942 geborte
802 3874 980 3926 Weiseuhorn
1002 3875 1060 3944 (dus
1071 3874 1303 3942 weitteHetflion

199 3960 235 4012 im
251 3961 364 4031 Wuppen
382 3964 523 4035 fotiorem,
545 3967 647 4037 Hegel-
666 3970 729 4020 oder
750 3969 921 4038 Hdgelhoien
947 3975 1008 4040 (oon
1030 3970 1220 4040 dendortigen
1240 3975 1303 4023 adm.

201 4058 369 4125 Graiiugein
387 4068 561 4132 superteneat),
580 4065 634 4116 und
653 4067 693 4117 die
712 4067 877 4136 Befestigung
895 4068 935 4118 dei
945 4067 1173 4133 Walienheusen,
1191 4068 1304 4121 medebor
1350 4030 1354 4139 i

201 4155 248 4207 Ort
265 4172 315 4206 oon
335 4157 421 4208 diesen
441 4159 538 4210 ii'atiten
557 4164 607 4212 den
627 4163 729 4214 Numen
750 4164 870 4231 sutri...
912 4164 963 4216 Die
981 4165 1124 4233 Burgstelie
1143 4165 1304 4217 su’Boben-
1352 4162 1360 4229 tl

200 4253 244 4305 itst
262 4252 456 4305 linbeniruusen
477 4257 577 4309 actteint
594 4261 662 4311 aaut
682 4261 750 4312 uoci
769 4279 825 4313 zum
845 4261 982 4331 Corruptae
997 4280 1047 4314 ton
1058 4262 1305 4316 Venaxamodurum
1352 4248 1356 4319 i

200 4349 290 4422 guitot
309 4367 341 4404 tu
359 4350 467 4404 totoue.
