2918 4914
176 230 1413 283 RQ*

245 374 336 447 828*
359 397 477 446 annor.
487 397 527 446 uu
542 396 615 444 nor.
628 394 698 442 occ.
709 394 776 441 cnr.
788 394 902 442 xxxva
914 394 979 442 nux
993 391 1346 442 muarvsarnoarcurr.

244 592 354 656 Almel.
368 612 396 675 p.
410 593 639 674 997.)Belyoiv
664 610 734 655 csse
751 592 885 654 Venetos
910 590 1111 675 neglegenter
1132 590 1298 654 affirmavit
1320 596 1349 654 et

246 702 483 767 reclamantibus
510 703 599 767 etiam
622 701 857 781 recentioribus,
880 702 1015 780 Valesio,
1033 701 1217 782 D'Anvillio,
1233 700 1348 764 Ukerto

245 812 280 876 ll.
296 814 326 875 2.
339 832 369 894 p.
381 813 464 894 334,
492 814 628 896 Georg10
641 813 677 875 ll.
692 813 742 876 95.
776 815 962 876 Venetorum
979 814 1100 876 rromine
1114 813 1206 876 modo
1219 813 1350 875 univer-

245 940 311 987 sum
336 922 425 987 huius
449 923 552 1005 pepuli
576 923 780 1002 territorium,
804 924 832 984 le
856 921 986 984 Vonnois
1005 941 1042 983 en
1060 922 1221 1004 Bretapne,
1242 922 1348 1001 mode,

244 1039 277 1096 ut
298 1033 327 1095 h.
348 1033 385 1111 l.,
409 1033 579 1114 principale
612 1033 753 1114 oppidum
781 1051 905 1116 eorum,
936 1031 1134 1112 Darioriquan
1160 1030 1348 1109 Ptolemaeo,

244 1142 437 1205 Dartoneum
457 1143 530 1205 dab.
544 1143 625 1206 Peul.
638 1145 659 1206 l.
677 1145 723 1222 A,
752 1140 868 1204 Venetis
890 1142 921 1203 in
948 1140 1112 1203 Britannia
1133 1141 1165 1203 in
1184 1141 1350 1222 paludibus

246 1253 360 1335 Geogr.
374 1254 448 1316 llav.
462 1252 510 1315 lV.
523 1252 573 1316 39.
587 1253 710 1333 dictum,
735 1254 935 1336 significatur.
979 1253 1087 1316 llerito
1107 1252 1229 1333 quidem
1243 1252 1348 1315 D’lln-

222 1368 227 1373 '
246 1360 347 1425 villius
359 1380 387 1442 p.
397 1360 634 1424 962.Valesium
650 1362 849 1443 reprehendit
862 1363 1060 1425 affirmantem
1076 1370 1120 1442 (p.
1131 1361 1222 1442 591.)
1236 1360 1347 1423 in'lab.

245 1471 327 1534 Peut.
339 1471 525 1534 Venetorum
548 1477 638 1551 caput
661 1478 691 1533 et
711 1472 818 1534 urbem
841 1471 1014 1553 primariam
1030 1472 1155 1532 nomine
1173 1471 1276 1554 gentis
1295 1466 1350 1530 Vc-

245 1585 331 1641 netos
342 1580 465 1657 vocari;
477 1579 533 1643 sed
545 1580 611 1661 ipse
622 1581 763 1643 Valesius
780 1600 844 1663 seq.
859 1599 888 1662 p.
898 1581 937 1643 dc
951 1580 1065 1643 Tabula
1078 1580 1159 1643 Peut.
1176 1579 1349 1643 accuratius

212 1764 218 1773 ¹
247 1690 323 1753 dixit
345 1696 375 1752 et
397 1690 475 1753 alios
497 1690 585 1753 locos
607 1691 744 1771 adduxit,
769 1693 877 1773 quibus
896 1689 996 1752 Veneti
1017 1690 1103 1766 urbs,
1128 1689 1237 1751 ciuitas
1256 1686 1350 1750 Vene-

247 1801 309 1862 tica
331 1800 398 1864 sive
423 1798 561 1863 Venatum
589 1802 783 1865 memoratur.
828 1800 988 1882 Hodieque
1016 1800 1164 1864 Bretones
1197 1799 1348 1861 civitatem

254 1908 370 1975 Vannes
384 1912 480 1992 (de'p‘.
493 1912 534 1974 du
554 1911 776 1988 dentitiones.
791 1911 978 1977 Cannabieh.
990 1929 1018 1992 p.
1029 1911 1102 1975 431.
1114 1918 1176 1991 sq.)
1191 1910 1350 1973 nominare

255 2020 359 2084 chet
376 2023 443 2086 sive
466 2025 580 2084 Guenet
601 2026 729 2085 testatur
751 2021 931 2083 D'Anvill.l.
945 1994 986 2101 c,
1009 2042 1025 2084 e
1048 2039 1108 2102 quo
1130 2019 1207 2082 haec
1225 2037 1350 2101 quoquc

249 2133 401 2216 enatanda
427 2152 497 2196 esse
518 2132 679 2194 videntur:
703 2131 954 2212 l’emplaceneent
977 2130 1219 2215 chariorigum
1242 2149 1282 2190 ne
1297 2129 1348 2189 rei·

246 2242 371 2323 pondoit
388 2260 449 2321 pas
463 2242 665 2320 precinentem
687 2244 708 2305 d
728 2243 806 2306 celui
823 2262 880 2322 qne
898 2241 1011 2303 Vennea
1026 2260 1141 2321 occupa
1155 2237 1351 2320 aujourd'ltui

246 2354 331 2415 salon
355 2351 394 2413 D.
411 2350 577 2414 lobineau.
628 2351 657 2414 Il
686 2359 757 2414 aaut
778 2368 836 2431 que
858 2351 1005 2432 Dariorip
1031 2352 1080 2431 [dt
1104 2351 1183 2413 situe'
1210 2368 1268 2412 sur
1292 2367 1351 2411 une

244 2462 348 2542 pointc
369 2461 519 2542 deterre,
542 2463 594 2543 qui
616 2469 662 2525 est
682 2463 775 2525 isole'e
797 2463 878 2524 deun
898 2461 960 2542 sais
979 2480 1042 2541 par
1057 2463 1135 2540 jour
1154 2479 1195 2523 au
1215 2464 1349 2521 merdant

247 2573 283 2634 de
306 2575 337 2643 lo
364 2575 524 2636 mare'e...
550 2575 604 2636 Cot
630 2576 845 2655 cmptacement
872 2574 1009 2635 serait-il
1032 2575 1110 2636 celici
1136 2573 1209 2635 d’un
1232 2573 1349 2635 terrain

248 2700 305 2762 que
329 2683 360 2744 la
381 2702 446 2744 mer
474 2685 642 2764 enoeloppc
672 2686 754 2747 ainsi
783 2705 824 2747 au
849 2685 988 2764 sonddn
1011 2683 1230 2760 Mur-diluan,
1253 2685 1351 2746 deinc

247 2793 326 2855 liene
350 2792 539 2856 au-desaous
563 2795 598 2856 de
618 2792 741 2873 Vennea,
757 2803 784 2856 ct
805 2813 861 2874 que
882 2797 943 2856 l'on
963 2813 1080 2858 nomme
1101 2794 1271 2857 Duruuec?
1313 2792 1352 2855 Et

248 2923 282 2967 ca
304 2922 373 2965 nom
400 2903 437 2965 de
459 2903 604 2967 Duronec
633 2906 778 2967 aurait-il
806 2905 932 2985 quelque
955 2913 1086 2986 rapport
1107 2907 1128 2967 ei
1157 2903 1350 2986 Dariorqu

249 3015 294 3078 ef.
306 3014 396 3078 etiam
413 3014 624 3097 Salvagerium
637 3034 665 3096 p.
680 3016 763 3092 978,
789 3014 898 3077 Cellar.
913 3017 934 3077 l.
945 3033 974 3095 p.
990 3015 1058 3079 159.
1072 3023 1101 3092 s.
1111 3013 1210 3077 LVlll.

331 3162 361 3173 —
392 3123 437 3199 il.
452 3125 482 3185 4.
494 3134 554 3204 sq]
579 3122 714 3219 (dannaia
728 3124 961 3186 Cornneosisniis
979 3141 1024 3186 ua.
1049 3121 1184 3186 Osismia
1201 3125 1241 3202 a,
1261 3118 1353 3184 Osis-
1404 3118 1411 3207 ¹,

247 3234 303 3297 min
323 3227 422 3312 duta,
446 3233 593 3295 instantiis
614 3232 649 3298 Ε.
670 3235 863 3316 Clanuotp.
877 3237 965 3298 955⁴.
978 3254 1023 3317 sq.
1037 3235 1074 3298 nd
1092 3231 1368 3315 p.98*.i.'¹l.etp.·

248 3345 336 3408 981&
351 3346 390 3409 ad
410 3344 516 3427 p.36*.
529 3346 556 3421 pt.
574 3348 621 3409 15.
666 3346 722 3407 llic
748 3362 869 3425 quoque
892 3346 1062 3426 exemplum
1083 3345 1231 3407 habemus
1253 3360 1354 3405 voca-

247 3454 309 3517 buli
330 3475 347 3519 a
370 3456 482 3537 populo
505 3454 542 3518 ad
567 3455 633 3516 eius
657 3455 840 3534 metropolin
865 3455 1020 3533 translati,
1049 3475 1136 3535 quam
1160 3453 1353 3516 Ptolemaeus

251 3559 455 3643 Odopydnan,
481 3563 553 3626 Tab.
565 3562 646 3629 Peut.
665 3563 686 3624 l.
699 3563 729 3624 A
746 3560 885 3644 l'orpium
897 3542 1036 3641 'vocant5
1060 3564 1139 3644 apud
1154 3562 1353 3644 (leugnllav.

248 3670 364 3737 lusu.
386 3678 559 3753 corruptum
591 3671 772 3735 vocabulum
802 3672 891 3734 Ciris
918 3694 957 3738 ex
988 3672 1117 3734 Osismis
1138 3678 1259 3735 enatum
1284 3688 1355 3734 esse

249 3780 368 3860 opinor.
393 3789 439 3843 est
458 3782 529 3844 hod.
548 3780 668 3844 Karion
684 3801 709 3845 s.
725 3781 873 3863 Cordum,
897 3784 973 3864 ἀέρ’.
987 3783 1028 3845 du
1042 3782 1215 3844 Finisterre.

334 3926 369 3938 —
394 3892 439 3965 il.
456 3891 557 3973 iisq]
580 3892 824 3972 Superventores
849 3894 985 3957 iuniores
1006 3912 1098 3975 supra
1121 3912 1148 3974 p.
1161 3892 1229 3956 98'.
1242 3892 1270 3967 i.
1284 3890 1313 3954 6.
1325 3894 1356 3953 et

248 4014 277 4080 p.
290 3997 355 4061 36⁸.
368 4000 394 4075 l.
409 4001 456 4062 17.
473 4000 552 4063 inter
566 4002 905 4068 Pseudocomitalenses
928 4005 978 4085 qui
1000 4005 1122 4067 luerunt
1145 4003 1224 4093 intra
1240 3999 1354 4063 Gallias

251 4126 318 4170 cum
343 4130 370 4171 v.
386 4110 427 4171 ill.
448 4112 528 4194 Mag.
551 4113 628 4194 qu.·
644 4114 818 4193 Galliarum,
845 4121 1067 4193 memorantur,
1094 4121 1124 4178 et
1145 4114 1209 4176 dixi
1234 4114 1273 4175 de
1294 4111 1356 4174 hoc

250 4219 376 4283 militum
399 4239 515 4302 genere
531 4221 568 4283 ad
589 4223 658 4286 Not.
672 4226 723 4288 Or.
735 4226 845 4305 pllio.
858 4244 903 4307 sq.
917 4232 979 4287 nol..
994 4227 1041 4288 18.
1055 4260 1089 4275 -·
1107 4222 1290 4285 diannacias
1302 4224 1354 4283 ω’.

251 4326 421 4391 Naunetias
452 4337 502 4392 urit
527 4329 684 4395 ll'onnetas
704 4334 873 4399 Bucherius
894 4335 912 4402 l.
931 4354 969 4415 e,
994 4333 1161 4398 ll'umnetas
1191 4332 1356 4418 legendum

199 4532 1420 4595 W*
