2918 4914
70 39 252 99 ...1411
268 40 318 119 'ap
333 39 418 97 ref-t.-
452 76 461 87 -.

96 104 109 141 :⁸
161 89 241 140 Sal-'¹¹27'
258 110 277 143 ¹¹I'
291 94 294 101 Ι
317 140 322 147 ,
358 136 362 145 ,
433 100 439 109 Ι

84 126 238 295 ἕῳ
263 212 266 217 ’
311 176 346 209 ‘³
412 174 415 179 Ι
1362 200 1422 250 »a

16 324 148 451 „W
185 362 186 374 ’
249 346 341 427 540*
376 324 640 423 nunemuuor.
659 371 729 421 ocu.
750 369 954 435 aeramen.
977 367 1083 417 conas
1101 367 1317 416 rrnarraumr.

104 568 135 641 .’
247 575 459 659 lingitaniam.
474 574 563 639 Certe
576 574 666 637 etiam
675 574 853 656 byzacenae
864 572 1007 655 oppidum
1016 573 1141 636 vicosve
1152 570 1248 648 Daca
1258 569 1344 632 cuius

247 684 569 767 episcopusBebianus
583 685 683 747 collat.
694 684 796 748 Carth.
808 704 835 748 a.
844 683 916 747 411.
926 682 1062 746 interfuit
1073 680 1170 760 (cac.
1183 700 1199 743 a
1211 681 1241 744 S.
1252 678 1343 742 Paulo

246 812 276 877 p.
287 794 369 874 119,
383 792 492 876 Ringb.
503 793 552 857 lll.
562 812 590 875 p.
599 792 671 856 616.
679 808 722 856 nu
735 793 797 872 64,
817 791 953 856 blorcell.
963 791 985 854 l.
997 809 1025 872 p.
1038 789 1124 868 153.)
1134 789 1172 852 ab
1185 789 1243 851 bac
1254 787 1344 868 Dupa

247 902 387 969 diversus
410 904 483 983 fuit3
503 903 691 983 blorcellius,
717 903 767 985 qui
788 903 869 965 hunc
888 901 1020 966 Notitiae
1034 899 1220 983 Dignitatum
1240 897 1343 960 locum

245 1012 392 1096 neglexit,
417 1013 493 1095 ,Ubi
509 1013 598 1076 Duco
618 1013 719 1092 luerit,
743 1030 805 1076 non
824 1012 966 1093 reperio“
982 1011 1034 1090 ait,
1058 1015 1108 1090 ,ct
1120 1025 1232 1072 nomen
1244 1008 1343 1089 ipsum

246 1124 326 1205 apud
350 1123 549 1208 geographos
570 1123 748 1188 inauditum.
770 1141 870 1205 neque
892 1141 951 1206 ego
967 1121 1000 1184 in
1013 1119 1184 1203 'tingitania
1202 1124 1342 1197 statuam,

247 1232 328 1315 quod
345 1233 409 1296 illic
425 1233 513 1295 Duas
525 1234 634 1315 [Duas]
652 1240 744 1313 esset,
767 1233 876 1297 lluvius
891 1231 1090 1295 al'tolemaeo
1101 1231 1162 1309 [tv.
1178 1233 1202 1292 1.
1216 1228 1341 1309 „Arica

244 1344 393 1421 ποταμοῦ
414 1344 547 1424 inflatui
565 1345 646 1408 inter
660 1343 761 1410 Salam
785 1350 816 1407 et
827 1342 979 1407 Atlantem
1002 1342 1164 1423 minorem]
1189 1356 1344 1403 memora-

244 1455 307 1513 tus:
336 1450 392 1513 sed
420 1452 589 1535 ignobilem
610 1453 711 1516 vicum
738 1453 929 1534 putaverim,
957 1469 996 1514 cx
1019 1452 1058 1513 iis
1079 1468 1206 1531 nempe,
1232 1447 1341 1530 quibus

242 1560 440 1640 Donatistae,
462 1567 496 1624 ut
525 1579 653 1627 numero
685 1581 754 1628 cum
790 1562 955 1626 Catholicis
985 1561 1174 1626 contendere
1205 1564 1341 1641 possent,

243 1668 407 1753 episcopos
426 1671 662 1753 imposuerunt“.

333 1818 373 1833 -
393 1781 422 1857 i.
449 1782 493 1863 7.]
516 1781 680 1846 Heracliae
697 1776 734 1845 Β.
757 1783 802 1846 Gl.
817 1789 920 1847 annot.
938 1782 976 1845 ad
986 1784 1013 1859 i.
1024 1779 1054 1845 4.
1072 1819 1113 1832 -
1130 1780 1265 1844 Actaeos
1284 1771 1340 1842 w
1408 1808 1412 1831 ι

245 1883 342 1969 (Μ,
367 1890 417 1952 Ad
434 1892 520 1954 lucos
540 1909 587 1972 ou,
606 1892 723 1955 Actiaco
743 1888 827 1982 traps.
850 1891 1012 1955 Adineos
1026 1910 1051 1954 s.
1070 1890 1120 1955 Aci
1131 1891 1246 1955 Lucum
1258 1895 1342 1957 berl-

243 2006 325 2083 ptum
346 2002 454 2083 luerit,
476 2003 532 2067 sed
560 2004 622 2067 loci
644 2005 732 2068 situm
754 2005 845 2087 plane
873 2003 994 2085 ignoro.
1041 2000 1091 2064 Ad
1112 1999 1220 2065 Nouus
1251 2001 1337 2080 [bod.

241 2109 308 2174 Sidi
326 2111 493 2176 Mamaoad
518 2112 575 2176 bea
602 2113 654 2176 Ali
675 2132 740 2178 sec.
762 2115 848 2196 Lep]
882 2113 912 2175 in
944 2112 1054 2176 itinere
1083 2130 1119 2191 ,a
1153 2110 1338 2175 Tocolosida

243 2221 349 2306 Tingi«
372 2222 464 2287 habet
483 2224 517 2287 lt.
530 2223 602 2287 Ant.
614 2243 643 2306 p.
660 2222 710 2288 24.
734 2225 774 2292 cl.
795 2226 943 2288 llannert.
962 2223 999 2285 Χ.
1013 2224 1042 2285 9.
1059 2239 1088 2302 p.
1098 2220 1171 2285 488.
1192 2221 1340 2285 Paneiro-

242 2331 289 2396 lus
311 2334 399 2414 quasi
421 2352 512 2397 nemo
533 2334 623 2397 situm
650 2334 712 2397 loci
735 2335 886 2398 nesciret:
913 2332 1080 2411 „Tribunus
1104 2331 1172 2394 coh.
1196 2332 1220 2394 1.
1245 2332 1338 2395 Herc.

242 2442 275 2504 in
296 2441 416 2505 Auluco
441 2443 628 2523 morabatur,
653 2443 854 2507 Mauritaniae
877 2441 1057 2524 Tingitanae
1079 2441 1219 2522 oppidoss.

325 2593 365 2605 -
385 2553 414 2629 i.
437 2553 481 2632 8.]
504 2553 624 2632 primae
646 2573 680 2623 σ
699 2554 891 2634 Tityrcorem
911 2544 1074 2632 nucem
1091 2551 1213 2629 primae
1233 2552 1340 2615 attet-

240 2679 363 2723 reorum
383 2655 430 2737 m,
452 2662 573 2742 primae
595 2663 765 2744 ltprcorum
786 2672 841 2745 or,
865 2683 927 2728 non
948 2665 1030 2728 nulla
1049 2669 1089 2744 r²‚
1111 2665 1181 2727 item
1200 2658 1247 2754 pp,
1265 2661 1340 2743 pri-

239 2791 309 2837 mae
331 2774 498 2838 ltereorom
519 2777 593 2857 2²3⁴,
620 2775 740 2855 primae
768 2776 959 2857 ltprueorum
979 2778 1033 2843 abt.
1078 2779 1145 2853 Quo
1176 2777 1269 2839 modo
1299 2798 1338 2839 rr

241 2884 321 2949 inter
339 2885 472 2967 syllabas
495 2911 532 2950 aa
557 2894 647 2968 atque
672 2910 702 2951 ιτ
733 2895 948 2969 enasceretur,
977 2896 1010 2953 ut
1043 2896 1150 2971 postea
1182 2908 1221 2951 en
1251 2909 1337 2952 arra.

240 2992 327 3059 lieret
342 3018 451 3074 maa,
477 2996 568 3059 iacile
591 2997 737 3078 explicari
762 3005 863 3080 potest
883 3019 982 3082 neque
1003 2999 1162 3082 probabile
1185 3003 1232 3061 est
1254 2996 1337 3061 scri-

239 3109 321 3186 ptum
343 3104 380 3169 ab
404 3104 491 3168 initio
512 3107 558 3168 sie
581 3107 678 3171 luisse
698 3132 810 3171 animae
818 3153 895 3172 .....
906 3133 943 3173 ar
967 3135 986 3172 ι.
1010 3132 1220 3187 irrisionum,
1245 3112 1337 3187 atque

239 3213 312 3278 inde
334 3220 454 3277 enatum
477 3234 547 3279 esse
572 3216 651 3280 istud
681 3240 876 3305 rarrmponvn
906 3238 961 3300 pro
983 3218 1104 3281 Primae
1133 3218 1254 3282 adiecto
1275 3232 1338 3299 po·

239 3322 312 3404 puli,
336 3324 418 3388 uude
439 3331 556 3405 sumpta
579 3331 671 3405 essct,
695 3325 856 3407 vocabulo,
880 3335 909 3389 et
922 3328 1043 3408 primae
1056 3328 1256 3410 ltproeoram.
1288 3325 1337 3389 De

240 3432 368 3516 ltyraeis
394 3453 419 3497 s.
442 3434 570 3499 Ituraeis
591 3434 701 3499 Coeles
723 3436 841 3518 Syriae,
866 3456 938 3501 arcu
960 3438 1086 3521 sagittas
1106 3436 1260 3503 emittendi
1277 3454 1336 3518 pe-

238 3544 309 3608 ritia
333 3545 411 3626 apud
434 3552 556 3611 veteres
586 3546 668 3610 iuxta
691 3546 816 3611 Parthos
839 3566 876 3610 ac
899 3548 1063 3614 Cretenses
1089 3548 1334 3614 celebratissima

237 3652 349 3735 populo
375 3654 433 3734 (cl.
448 3662 551 3719 annot.
568 3657 606 3720 ad
623 3657 692 3722 Not.
710 3657 762 3721 0r.
784 3676 809 3720 c.
823 3655 915 3721 XXV.
932 3664 994 3722 aot.
1015 3660 1083 3736 67.)
1106 3660 1174 3724 sive
1204 3678 1243 3725 en
1272 3656 1334 3721 hoa

106 3774 112 3783 ’
239 3769 396 3828 contracta
420 3765 546 3830 cohorte
567 3766 649 3829 huno
666 3766 715 3829 loc
790 3768 969 3833 sumendum
992 3788 1062 3833 esse
1078 3768 1191 3833 nemini
1208 3768 1334 3833 dubium

239 3892 310 3939 esse
332 3881 441 3956 potest.
486 3877 519 3939 ln
540 3876 598 3938 'liti
619 3785 767 3958 diplonllf¹
757 3878 842 3941 milit.
864 3898 933 3943 ann.
947 3896 975 3960 p.
990 3879 1060 3945 Chr.
1072 3880 1123 3944 80.
1142 3898 1189 3961 ap.
1203 3879 1332 3943 Arneth.

235 4002 264 4066 p.
276 3986 326 4050 33.
340 4003 407 4067 sqq.
421 3993 468 4050 est
484 4010 553 4052 con.
567 4011 589 4049 r.
602 4011 739 4053 nvuvsrn
764 4012 957 4054 rrrnnronvra
980 3992 1061 4056 inter
1081 4010 1135 4056 eas
1155 4015 1235 4067 orne
1255 4012 1333 4055 serr

240 4119 272 4159 rn
294 4118 446 4159 rnnnonua
468 4119 522 4159 sva
546 4117 576 4158 r.
598 4119 699 4161 nrraro
726 4122 804 4162 nrro
837 4099 931 4177 (Alae
957 4102 1113 4184 Aupualae
1138 4099 1333 4164 ituraeorum

238 4223 264 4268 s.
287 4202 502 4267 Itouraeorum
522 4222 547 4267 s.
575 4204 766 4287 ltprocoram
794 4210 908 4297 mentio
937 4210 968 4272 lit
996 4229 1043 4293 ap.
1065 4209 1184 4273 Gruter.
1207 4207 1279 4290 519,
1298 4210 1329 4273 5.

171 4335 175 4382 l
236 4312 308 4395 533,
322 4312 353 4377 9.
369 4313 408 4377 ct.
419 4313 548 4377 Ametb.
558 4333 586 4396 p.
599 4317 648 4378 11.
662 4314 701 4380 ale
713 4315 773 4381 Ala
785 4316 810 4382 l.
823 4317 900 4383 liar.
919 4318 1070 4384 siveltur.
1081 4317 1195 4401 Aup.);
1218 4319 1333 4385 deindo

159 4452 1411 4577 kawd
