2918 4914
91 245 1290 299 *Qu-:b

309 413 440 462 aaran.
465 415 505 462 nn
526 414 595 461 rna.
611 384 1075 476 transmeduanensis.
1132 394 1246 466 1055*

138 615 264 697 linguae
286 615 468 694 scriptores,
494 618 524 676 et
544 613 642 676 Latini
666 620 696 675 et
718 612 841 692 Graeci,
865 614 904 678 de
926 614 1016 678 Laetis
1040 615 1070 677 in
1093 615 1248 682 Romanas

139 724 316 807 provincias
338 723 472 803 receptis
493 722 693 785 rettulerunt:

227 834 249 896 l.
274 832 440 896 Eumenius
462 832 645 915 panegyrici
664 832 843 896 Constantio
861 832 988 897 Caesari
1012 832 1246 918 [circeum]

139 946 214 1009 dicti
238 963 303 1026 cap.
316 946 367 1007 at.

177 1055 286 1124 „ltaque
304 1055 382 1106 sicuti
403 1054 503 1122 pridem
526 1060 581 1118 tuo,
603 1052 771 1105 Diocletiane
790 1054 923 1123 Auguste,
945 1054 1019 1106 iussu
1037 1053 1175 1122 supplevit
1196 1055 1246 1108 de-

138 1160 208 1205 serta
221 1152 348 1204 Thraciae
368 1152 504 1205 translatis
524 1151 624 1202 incolis
644 1151 717 1216 lisia,
736 1151 805 1201 sicut
823 1158 917 1218 postca
936 1157 990 1214 tuo,
1013 1151 1171 1203 llaximiaue
1189 1154 1247 1203 Au-

138 1257 235 1320 guste,
266 1256 329 1301 nutu
352 1249 507 1300 Nerviorum
528 1255 555 1299 et
573 1247 746 1299 Treverorum
766 1262 828 1299 arva
847 1248 963 1299 iacentia
987 1247 1063 1299 laetus
1081 1247 1247 1316 postliminio

138 1349 278 1400 restitutus
298 1354 326 1398 et
346 1352 469 1413 receptus
488 1347 514 1396 in
533 1344 609 1414 leges
628 1345 744 1396 Francus
765 1344 884 1396 excoluit
894 1347 927 1410 ⁴²,
947 1344 983 1396 ita
1003 1360 1075 1397 nunc
1093 1359 1141 1412 per
1158 1346 1248 1399 victo.

138 1475 435 1494 —-—-·P··

138 1569 172 1620 cl.
185 1569 258 1621 Graii
275 1567 334 1618 alid.
349 1565 507 1635 Spraclrscls.
523 1564 555 1617 ll.
572 1581 598 1632 p.
609 1564 672 1618 316.
688 1580 713 1615 v.
730 1579 799 1616 urzi.
830 1564 878 1616 sed
902 1562 964 1615 vide
988 1566 1069 1616 etiam
1086 1565 1244 1618 Schmelleri

136 1664 369 1734 Bager.W5rterd.
382 1663 414 1715 ll.
427 1662 522 1730 peto.
559 1662 645 1714 Etiam
665 1676 756 1714 eorum
778 1663 933 1729 opinionem
946 1663 993 1731 qui
1013 1662 1130 1714 latonam
1147 1677 1246 1717 nomeu

138 1778 231 1830 purum
252 1761 372 1812 Latinum
390 1776 450 1811 esse
469 1759 521 1810 sibi
540 1760 682 1811 suadentes
701 1773 749 1826 pro
770 1757 907 1823 hilaribus,
927 1758 1030 1810 laetitia
1049 1759 1152 1812 allectis
1172 1777 1247 1813 sum.

138 1866 258 1928 pserunt,
278 1866 306 1908 ut
329 1857 397 1908 inira
418 1857 529 1919 dicetur,
551 1857 658 1908 disertis
678 1856 766 1908 verbis
786 1855 914 1908 refellere
934 1870 1001 1923 opus
1021 1870 1074 1906 nou
1095 1863 1143 1907 est.

241 1958 278 2023 ⁴⁷)
297 1956 394 2006 Contra
415 1955 509 2004 iustam
521 1953 620 2005 Valesii
639 1953 683 2024 (ad
691 1954 774 2004 Anum.
783 1951 848 2003 titt.
861 1951 1148 2023 11,t.)ctdmuotredi
1162 1955 1206 2024 (ad
1217 1956 1246 2008 L.

141 2054 181 2103 12.
194 2050 277 2102 Tul).
290 2051 323 2102 de
336 2052 469 2102 veteranis
485 2050 542 2103 Vll.
555 2052 612 2124 20.)
624 2051 789 2120 aliorumque
808 2051 1055 2117 interpretationem
1070 2050 1208 2117 Zumptius
1219 2068 1246 2118 p.

140 2150 228 2217 resq.
238 2164 262 2199 v.
271 2149 343 2198 lctus
353 2146 512 2197 adiectivum
522 2160 617 2196 nomen
629 2145 660 2195 ad
673 2160 697 2194 v.
709 2145 825 2195 Francus
833 2145 969 2212 pertinens
979 2160 1038 2197 esse
1049 2146 1173 2211 opinatur
1183 2162 1248 2214 pro.

139 2251 198 2312 pter
213 2258 327 2310 sequens
340 2241 452 2292 excoluit
465 2246 529 2310 (non
542 2239 732 2309 excoluerant),
753 2238 822 2307 quod
834 2240 954 2308 quamvis
972 2255 1025 2291 nou
1039 2239 1148 2308 laudari,
1160 2250 1247 2296 tamen

140 2339 203 2392 terri
222 2345 320 2405 potest,
339 2339 452 2389 maxime
469 2338 495 2387 ia
506 2336 651 2400 Eumeni03
672 2335 718 2387 sed
730 2339 836 2387 omniuo
847 2336 910 2388 ferri
923 2352 975 2387 non
987 2344 1075 2404 potest
1085 2338 1156 2406 quod
1166 2340 1248 2392 Zum.

139 2437 196 2501 ptio
215 2435 299 2485 visum
320 2441 368 2497 est,
388 2432 476 2484 verbis
495 2432 567 2484 letas
584 2433 741 2501 postliminio
760 2432 892 2483 restitutus
903 2441 928 2482 et
945 2441 1064 2501 receptus
1078 2434 1107 2484 ln
1118 2434 1187 2503 leges
1199 2438 1247 2488 Fr.

141 2531 297 2582 Eumenium
311 2528 462 2597 significare
472 2528 590 2580 voluisse
600 2528 728 2580 Francum
741 2527 801 2579 ideo
815 2527 901 2579 laetum
913 2529 982 2596 quod
992 2528 1156 2596 postliminio
1166 2532 1247 2584 resti-

140 2636 212 2680 tutus
230 2635 257 2679 et
269 2628 296 2677 in
308 2627 383 2695 leges
393 2635 516 2694 receptus
528 2634 609 2679 esset.
632 2627 699 2678 ialsa
712 2627 803 2695 itaque
814 2642 864 2677 nec
876 2625 984 2695 linguae
992 2626 1164 2680 Germanicae
1174 2628 1248 2699 legi.

140 2725 190 2777 bus
201 2725 363 2776 conveniens
373 2722 607 2788 esthaecZumptii
618 2722 717 2773 versio:
728 2720 916 2788 ,Desmontis
924 2719 1106 2789 detumescat
1114 2723 1210 2794 wieder
1218 2726 1248 2777 ln

140 2836 237 2873 amem
244 2820 320 2871 Stant
329 2820 384 2871 und
390 2836 483 2870 ansere
492 2819 594 2873 Gesetre
603 2822 801 2887 ausgenommen
812 2818 852 2870 die
861 2824 925 2870 wrtst
934 2819 1069 2887 liegenden
1077 2820 1187 2886 septaes
1195 2829 1246 2874 etc.

142 2918 217 2983 Quod
225 2918 322 2971 adiecit
332 2914 490 2967 novissimus
503 2916 643 2980 interpres,
652 2911 797 2964 secundum
806 2911 961 2964 Eumenium
971 2913 1039 2965 idern
1048 2913 1074 2964 in
1084 2915 1248 2979 recipiendis

142 3016 258 3068 barbaris
273 3014 458 3066 Maximianum
478 3011 576 3062 fecisse
594 3010 663 3078 quod
681 3017 759 3062 autea
773 3005 956 3063 Diocletianus
971 3018 997 3062 et
1014 3010 1184 3064 Constantius
1203 3014 1247 3067 ie.

142 3116 251 3176 cissent,
270 3112 303 3163 ab
323 3112 364 3162 lais
377 3117 465 3162 autem
485 3109 595 3160 colonos
614 3108 699 3159 iactos
720 3123 780 3160 esse
800 3107 935 3174 barbaros,
955 3123 1008 3158 non
1027 3107 1123 3174 Laetos,
1143 3111 1245 3163 inutilis

142 3208 335 3278 argumentatio
356 3211 397 3259 est
421 3205 544 3274 negantis
567 3203 593 3253 in
612 3202 697 3254 Laetos
716 3217 823 3271 quoque
848 3203 1004 3255 colonorum
1029 3207 1088 3257 sive
1106 3212 1247 3279 γεωργῶν

141 3321 237 3358 nomen
250 3304 362 3376 cadere.
401 3303 461 3368 lpse
479 3301 624 3352 Eumenius
645 3307 770 3367 receptae
790 3300 843 3351 loci
862 3301 955 3368 d.q.a.
967 3300 1181 3368 interpretationi
1204 3304 1247 3357 ia.

141 3411 188 3456 vet
208 3401 291 3454 eiusd.
310 3417 407 3470 paneg.
417 3414 491 3466 capp.
505 3399 531 3450 8.
545 3413 585 3465 sq.
600 3404 626 3448 et
644 3412 740 3465 paneg.
754 3396 930 3449 Constantino
950 3398 980 3448 A.
997 3397 1062 3449 dicti
1082 3416 1105 3451 c.
1117 3400 1144 3452 6.
1157 3399 1248 3466 „Ouid

143 3501 235 3569 loquar
253 3512 343 3549 rursus
363 3497 467 3547 intimas
481 3496 608 3546 l'ranciae
628 3495 750 3544 nationes
769 3508 821 3544 non
841 3494 873 3545 ab
892 3494 933 3545 his
953 3494 1100 3562 locisquae
1114 3496 1179 3549 olim
1190 3499 1247 3550 lle.

142 3598 212 3648 mani
234 3595 396 3658 invaserant,
417 3593 464 3644 sed
484 3608 498 3643 a
517 3592 630 3658 propriis
651 3607 684 3642 ex
703 3591 808 3660 origiue
828 3590 884 3643 suis
900 3590 1008 3643 sedibus
1027 3599 1106 3660 atque
1127 3593 1160 3645 ab
1181 3594 1247 3647 ulti-

141 3696 191 3745 mis
210 3692 347 3745 barbariae
368 3690 491 3741 litoribus
512 3688 635 3753 avulsas,
655 3695 684 3738 ut
709 3689 735 3738 in
757 3688 869 3740 desertis
891 3688 993 3740 Galliae
1011 3689 1167 3759 regionibus
1187 3691 1246 3744 col.

143 3790 246 3843 locatae
266 3798 289 3840 et
307 3804 400 3858 pacem
418 3789 491 3839 llam.
509 3787 614 3855 imperii
639 3786 709 3836 cultu
730 3786 852 3836 lavarent
871 3793 895 3836 ct
915 3802 992 3836 arma
1010 3785 1131 3838 delecta?
1178 3789 1247 3852 Quid

143 3900 346 3938 commemorem
357 3884 529 3954 lingonicam
549 3881 749 3934 victoriam...‘?
768 3881 830 3951 quid
842 3882 981 3933 immanem
1002 3898 1035 3934 ex
1054 3881 1246 3937 diversisGer-

145 3998 279 4035 manorum
300 3980 406 4049 populis
424 3979 619 4031 multitudinem
632 3979 707 4031 ...¹2⁶⁴
719 3986 810 4047 etq.s.
847 3978 877 4030 ln
897 3977 1011 4030 similem
1031 3980 1180 4048 Zumptiaui
1200 3999 1247 4034 er.

143 4095 228 4133 rorem
247 4078 376 4132 inciderat
391 4077 534 4131 llambactr.
547 4077 579 4128 de
596 4077 746 4142 Lamp-15.
758 4074 876 4140 „Letum
895 4077 1022 4127 l'rancum
1039 4077 1120 4144 posti.
1135 4081 1246 4131 uestitu.

144 4185 212 4243 tum,
233 4182 424 4242 receptumque
447 4174 475 4224 iu
495 4172 586 4243 leges,
601 4210 607 4223 .
620 4188 700 4225 ‚arva
718 4173 768 4225 iac.
785 4171 943 4238 excolere“;
967 4173 1014 4225 sed
1033 4173 1118 4227 Lotus
1142 4177 1168 4227 ei
1193 4175 1245 4228 adi.

144 4273 246 4343 gentile
263 4271 322 4324 tuit.
346 4271 474 4322 Similiter
488 4270 612 4336 Sybelius
622 4286 647 4337 p.
657 4271 700 4321 33.
711 4271 751 4321 sic
765 4269 918 4336 disputans:
932 4269 1074 4323 Perdessus
1093 4273 1130 4323 toi
1139 4271 1245 4339 Solique

142 4371 233 4438 pell.
244 4379 317 4439 sapt:
328 4368 363 4420 ‘te
378 4384 489 4439 passage
507 4368 558 4437 fnit
573 4366 695 4432 allusion,
709 4383 804 4418 camme
814 4366 839 4418 le
850 4382 986 4440 remosque
997 4369 1130 4439 Gadesrm',
1149 4367 1245 4421 adsue

91 4493 1319 4652 amb!
