2918 4914
384 396 453 446 cur.
468 396 545 460 xxv.
572 396 613 444 nn
639 372 1040 461 rno.81*.pp.to...15.
1072 360 1078 383 '
1176 378 1266 452 579*

148 597 376 679 soeaptueneu
398 594 438 677 dp
459 595 509 658 tlte
539 594 674 658 remains
696 596 735 675 os
744 593 962 676 fortifications
987 595 1050 657 ond
1062 596 1147 678 torpe
1162 598 1269 662 maioli

144 708 220 770 stttt
240 706 461 785 eciderit-ond
474 707 523 768 tlte
544 705 630 769 coins
652 704 754 767 colrido
776 705 856 766 leoco
881 702 958 765 been
982 705 1163 770 discovered
1184 709 1266 771 ltere.
1354 781 1360 790 ‚

140 816 333 897 Accordiap
354 822 385 878 to
410 833 494 878 some
516 814 684 877 historicas
705 814 810 876 ilwos
833 813 938 893 totottp
962 814 1124 898 destroyed
1144 817 1177 879 in
1191 819 1265 900 491,

142 925 194 1011 by
216 928 268 990 tic
290 925 608 1008 armoricanum
631 931 662 987 et
674 943 700 987 r.

242 1075 285 1086 -
306 1034 353 1113 ii.
380 1038 427 1099 11.
451 1045 512 1117 sap]
536 1033 713 1114 Praepositi
734 1049 780 1095 aa.
798 1071 841 1083 -
854 1033 1175 1114 DeEcplorotorn'bus
1193 1038 1266 1102 vide

139 1144 443 1231 supraponunt
458 1145 642 1227 p.37*.lr.9.
656 1182 697 1192 -
719 1142 844 1205 Portam
865 1143 989 1206 Aeterni
1008 1160 1081 1206 aaa.
1103 1162 1150 1223 aa,
1171 1133 1266 1230 porta

139 1257 279 1321 Adumi
298 1251 442 1344 uelitis,
462 1261 574 1334 portus
596 1254 717 1319 Adurni
738 1242 819 1315 Μ.
875 1256 1054 1320 l'ancirolus
1079 1250 1265 1321 Mammam

140 1365 275 1431 hahere
302 1365 443 1430 codicem
467 1383 523 1428 ms.
543 1365 646 1446 itaque
670 1365 801 1429 etiamn
827 1384 862 1428 se
886 1363 997 1429 lectum
1019 1367 1052 1430 in
1077 1368 1265 1431 membranis

141 1477 323 1559 scripsisse
344 1474 491 1539 Ortelinm
519 1475 687 1538 annotavit.
720 1475 841 1539 scilicet
866 1495 894 1536 m
916 1477 1050 1540 nominis
1073 1484 1198 1557 portum
1226 1478 1266 1543 ud

143 1586 279 1651 Adurni
300 1584 484 1649 uocabulum
501 1602 661 1666 perperam
685 1591 853 1649 traxerunt.
883 1586 1040 1670 hodieque
1061 1588 1141 1652 idem
1156 1589 1265 1653 lluvius

145 1696 324 1763 Susseuiae
346 1695 413 1758 sive
435 1695 519 1758 rivus
543 1695 631 1756 Actor
653 1695 721 1758 sive
742 1694 895 1756 Bramber
916 1696 966 1760 vel
990 1695 1137 1759 Brernbcr
1161 1699 1265 1761 nomi·

142 1804 525 1889 nntur(ci.Bi1sching.p.
536 1803 620 1882 663„
634 1804 902 1885 Hasscl.p.181.),
917 1812 947 1868 et
958 1807 1134 1871 llciclrardo
1144 1806 1266 1869 Adurni

144 1923 265 1998 portae
290 1920 339 1980 est
359 1914 459 1976 Adaei
488 1913 572 1976 ssuvil
602 1914 722 1976 ostium.
767 1907 955 1995 Aderiaploa
966 1934 992 1978 s.
1007 1915 1195 1996 Ederiopton
1219 1923 1265 1981 est
1294 1902 1297 1907 ¹

156 2027 302 2109 oppidem
324 2025 523 2088 additurum.
545 2030 636 2105 atque
654 2007 787 2089 torneiae
801 2023 912 2086 Portos
922 2024 1024 2087 Adaei
1036 2036 1114 2101 (non
1128 2025 1264 2104 Adurni)

158 2138 259 2216 lucus
281 2135 323 2201 de
346 2152 407 2216 quo
431 2135 483 2199 hic
506 2135 618 2216 agitur,
644 2134 811 2215 appellatus
833 2134 900 2213 luit,
924 2141 957 2197 ut
971 2135 1154 2199 vocabulum
1174 2137 1266 2199 odora

113 2291 124 2297 -
163 2248 290 2329 primum
316 2243 409 2325 odie,
441 2243 554 2306 deinde
576 2242 668 2308 odori
698 2244 890 2326 scripserint.
935 2244 1109 2308 Camdenus
1130 2264 1160 2328 p.
1181 2248 1262 2329 tou,

163 2361 318 2439 postquam
343 2338 487 2420 deducis
516 2353 685 2416 Siroreltom
714 2361 744 2417 et
769 2352 893 2435 Steninp
923 2355 971 2435 (in
993 2355 1264 2440 denudet-Rape,

161 2466 320 2543 comitatus
339 2466 469 2545 Sostra,
491 2465 532 2528 cl.
544 2464 664 2528 Hassel.
680 2483 709 2546 p.
726 2445 808 2544 183„
833 2465 961 2528 Gorton.
976 2485 1025 2528 vv.
1040 2464 1125 2530 Now*
1140 2473 1171 2532 et
1187 2465 1265 2531 Old-

159 2574 330 2640 sacratam
352 2581 382 2640 et
405 2574 565 2657 Stepoiap)
590 2574 677 2654 dixit,
700 2574 742 2637 ita
763 2575 881 2657 pergit:
905 2576 1076 2659 „Antiquae
1100 2577 1191 2642 etiam
1212 2578 1264 2643 ille

157 2676 270 2750 Portus
291 2684 414 2748 Adurni
435 2684 473 2748 ab
497 2685 558 2748 hoc
581 2684 662 2748 ostio
684 2684 737 2746 viu
760 2685 858 2749 tribus
879 2685 1061 2769 milliaribus
1084 2688 1191 2770 abest,
1211 2688 1265 2752 ubi

160 2814 228 2859 cum
251 2780 393 2861 Suiones
415 2794 514 2875 primo
537 2811 622 2856 maro
638 2799 777 2856 nostrum
798 2795 943 2859 infestum
966 2797 1132 2877 labarent,
1154 2816 1266 2861 nume-

162 2922 215 2969 rus
236 2904 467 2988 exploratorum
490 2903 547 2967 sub
562 2903 708 2968 Romanis
721 2904 969 2985 lmp.stationem
992 2905 1108 2986 habuit,
1128 2905 1185 2971 scd
1204 2924 1266 2990 ag-

156 3014 340 3098 glomeratis
362 3014 488 3098 glareae
512 3012 644 3077 molibus
668 3030 751 3077 nunc
774 3019 821 3077 cst
843 3015 1027 3079 obstructus.
1072 3014 1160 3078 llunc
1183 3016 1265 3080 enim

157 3124 257 3191 luisse
279 3120 468 3206 Ederinpton
488 3124 644 3188 modicum
667 3123 800 3189 viculum
822 3142 911 3205 quem
934 3125 1100 3189 Aellredns
1123 3125 1176 3189 ille
1200 3125 1263 3191 illio

156 3254 215 3300 suo
235 3234 351 3299 iuniori
380 3234 551 3314 concessit,
576 3241 607 3298 et
627 3253 742 3298 nomen
772 3235 860 3316 quasi
882 3235 1056 3318 integrum,
1085 3242 1116 3298 et
1140 3235 1264 3300 casulae
1325 3222 1328 3245 ⁵

158 3344 323 3417 adiunctae
349 3363 430 3408 iruna
453 3336 613 3408 Portsladc
637 3344 754 3425 dictae,
775 3344 795 3407 i.
815 3363 844 3409 e.
863 3344 902 3408 ad
927 3351 1047 3426 portum
1070 3346 1158 3425 uiae,
1182 3363 1264 3427 quo-

160 3443 327 3523 dammodo
349 3450 553 3540 persuadent,
573 3464 607 3519 ut
627 3464 746 3520 taceam
775 3473 864 3538 quam
888 3454 980 3520 lacile
1001 3456 1052 3519 liic
1081 3456 1264 3522 exscensio-

159 3586 229 3634 nem
252 3569 411 3646 facerent,
435 3585 504 3631 cum
524 3567 607 3630 littus
627 3567 668 3630 sit
689 3573 826 3648 apertum
849 3571 880 3630 et
909 3564 1046 3648 planum,
1070 3583 1198 3646 camonia
1222 3567 1262 3632 ab
1322 3545 1326 3562 ι

162 3696 303 3743 caussam
334 3677 433 3740 nostri
463 3684 615 3759 regnante
635 3677 772 3740 llenrico
786 3674 863 3741 Vlll.
881 3675 933 3738 hic
967 3674 1132 3757 praecipuo
1155 3673 1263 3740 Gallo-

157 3806 225 3852 rum
247 3787 389 3852 triremes
412 3787 693 3869 praestolabantur,
720 3788 791 3851 dnm
811 3784 907 3851 littori
928 3786 1261 3868 nostroimminercnt,

161 3896 250 3963 etad
270 3892 523 3980 Briplttlocimeted
543 3899 698 3980 (proxima
714 3917 751 3963 aa
773 3897 863 3963 statio
885 3903 948 3978 est)
969 3915 1061 3959 unum
1080 3903 1112 3960 et
1134 3896 1262 3961 alterum

99 4072 108 4171 ἱ
160 4007 346 4092 tuguriolum
369 4027 410 4072 ex
438 4007 606 4090 improuiso
635 4008 890 4074 succenderent“.
919 4007 958 4074 ci.
979 4007 1261 4073 Camden-Gibson.

162 4136 190 4201 p.
205 4116 277 4184 173.
919 4172 924 4179 .
1310 4112 1316 4125 “

246 4264 288 4277 -
309 4229 337 4305 p.
363 4230 426 4308 la]
451 4227 546 4309 offitio
564 4224 601 4299 u.
615 4270 654 4281 -
679 4228 871 4292 Praesentoli
890 4231 945 4299 rit.
960 4267 1001 4278 -
1024 4227 1176 4309 llopistri,
1198 4245 1261 4290 non

162 4340 269 4404 addito
290 4340 414 4404 nomine
434 4338 579 4418 nutam,
599 4347 631 4402 ut
652 4358 717 4421 seq.
732 4358 798 4422 cap.
808 4341 945 4406 additura
967 4342 1024 4418 est,
1049 4352 1159 4401 onata.
