2918 4914
218 392 308 464 750*
323 414 520 465 nnn-maor.
530 412 1316 471 ocu.ormri.»uxmnnortu.maonruraurens

216 615 285 680 bec.
295 617 331 680 ll.
348 635 376 699 p.
388 617 512 698 eusqq.
528 617 579 698 qui
592 635 621 699 p.
630 615 681 681 74.
698 635 733 681 se
742 616 830 679 Plinii
843 617 895 694 (ll.
908 617 944 681 lt.
954 617 1005 680 lll.
1014 615 1064 681 93.
1077 624 1153 682 sect.
1163 620 1233 694 97.)
1244 618 1318 683 nta-

215 726 297 790 vium
320 726 495 805 [Solvense]
521 726 602 790 idem
626 727 769 810 oppidum
792 745 864 791 esse
886 734 976 808 atque
998 728 1153 808 Flaviana,
1177 729 1197 791 i.
1212 736 1241 792 e.
1258 747 1318 791 aa·

215 842 297 917 stra,
321 854 450 919 quorum
471 837 639 921 Eugippius
666 838 802 902 meminit
825 848 912 915 (nam
934 837 1096 917 navum,
1117 837 1266 901 Foba'om's
1285 844 1337 902 et·

214 943 362 1008 Fboobte
386 952 529 1029 corrupta
551 947 702 1012 vocabula
730 965 801 1012 esse
824 947 1007 1012 lambecius
1027 949 1217 1028 contendit),
1240 965 1317 1030 per-

215 1057 425 1123 suasissimum
454 1058 569 1123 babere
597 1058 743 1122 declarat.
788 1059 907 1138 „Situm
937 1065 1038 1123 autem
1063 1060 1131 1123 sine
1158 1059 1251 1122 dubio
1282 1059 1317 1122 id

214 1166 272 1229 luit
292 1168 374 1231 inter
395 1168 571 1252 Comagena
583 1167 839 1250 sboopenleber,
862 1175 893 1232 et
914 1168 1189 1233 Cetium-montem
1208 1165 1315 1249 ssio-

214 1274 375 1356 tenbarp..
391 1277 496 1342 .Cella
517 1296 594 1342 vero
622 1297 648 1342 s
665 1279 807 1344 Severini
830 1278 879 1341 nd
906 1279 1020 1343 Vineae
1032 1326 1040 1341 .
1054 1325 1062 1341 .
1075 1280 1113 1343 ad
1136 1280 1233 1361 ipsam
1259 1279 1314 1342 ltrit

213 1385 351 1450 radicem
373 1389 486 1451 montis
508 1388 586 1452 Cetii
601 1407 626 1453 s.
642 1387 831 1471 Katonberg,
857 1388 963 1454 itidem
986 1390 1018 1452 in
1038 1389 1154 1454 Norico
1177 1389 1310 1471 Ripensi,

213 1512 279 1559 non
302 1502 401 1560 auum
424 1499 455 1560 in
472 1498 663 1562 Pannoniat‘.
686 1504 779 1580 atque
796 1498 940 1581 equidem
960 1516 1039 1580 quae
1060 1499 1100 1563 de
1120 1499 1182 1564 situ
1202 1499 1313 1565 Fauia-

212 1622 324 1670 norum
345 1594 431 1688 dixit,
455 1626 524 1671 oum
546 1608 711 1673 lambecio
737 1609 862 1673 omnino
887 1609 1060 1673 consentio.

298 1757 339 1769 -
362 1720 390 1794 t.
400 1717 444 1798 9.]
468 1719 554 1794 Quae
575 1718 613 1782 ad
635 1718 716 1782 hune
736 1721 765 1795 t.
779 1720 955 1783 annotanda
972 1725 1087 1797 essent,
1109 1700 1173 1799 peti
1186 1723 1314 1800 possunt

204 1846 232 1891 -e
253 1827 414 1909 superiore
433 1834 539 1892 annot.
550 1828 589 1892 ad
601 1847 630 1911 p.
640 1829 707 1892 99·.
718 1831 763 1906 it.
776 1830 823 1893 14.
835 1849 901 1913 sp,
921 1835 952 1892 et
973 1828 1013 1894 de
1025 1829 1140 1910 Arlapa
1161 1828 1201 1892 ad
1220 1846 1312 1910 supe-

74 2005 76 2010 ,
210 1937 327 2002 riorem
340 1940 368 2015 l.
381 1941 443 2018 25,
466 1945 499 2001 ut
517 1937 557 2002 de
569 1939 755 2022 comagenis
778 1941 852 2003 ibid.
867 1940 905 2003 ad
916 1940 943 2016 i.
953 1941 1002 2005 97.
1016 1945 1046 2004 et
1060 1957 1087 2020 p.
1098 1940 1187 2003 251&
1200 1939 1310 2002 dietum

213 2053 270 2112 est.
293 2066 363 2112 nam
386 2048 424 2111 ad
438 2048 632 2132 comagenos
651 2050 848 2114 referendum
869 2068 940 2113 esso
961 2050 1156 2113 hocnomen
1182 2048 1310 2114 adieeti-

211 2180 283 2225 vum
299 2161 486 2243 Moginmsie
509 2167 595 2226 extra
616 2160 740 2225 dubium
761 2180 831 2225 esse
852 2166 936 2243 puto,
959 2160 1037 2240 sivo,
1062 2159 1144 2240 quod
1167 2159 1242 2223 mibi
1262 2158 1309 2222 vi-

212 2271 311 2351 detur,
335 2292 374 2336 ex
396 2254 604 2353 Jmopa'nensis
625 2273 705 2357 sigla
723 2275 751 2334 J
768 2272 893 2351 excidit,
916 2272 984 2336 sive
1005 2270 1172 2363 promiscui
1194 2276 1309 2333 utrum·

215 2398 274 2463 que
298 2382 483 2446 vocabulum
511 2381 739 2462 Comopineosis
767 2388 798 2445 et
825 2380 1012 2462 Mogineosts
1043 2398 1117 2444 usus
1142 2378 1208 2442 luit.
1239 2377 1311 2441 nibil

212 2492 295 2553 enirn
317 2491 466 2572 estquod
490 2492 645 2573 proprium
668 2491 827 2556 castellum
840 2492 1005 2574 ldaginam,
1028 2490 1250 2572 acomagenis
1263 2488 1311 2552 di-

151 2672 153 2679 ,
210 2617 345 2680 versum,
370 2600 525 2664 exstitisse
547 2619 712 2679 sumamus,
734 2607 770 2662 ut
786 2620 814 2665 e.
827 2619 875 2685 gr.
889 2600 977 2664 Brun.
992 2601 1021 2663 la
1040 2601 1127 2666 Mart.
1139 2599 1168 2661 b.
1181 2619 1210 2661 v.
1225 2599 1311 2663 lecit:
1337 2598 1342 2609 '

211 2709 372 2793 ,blagina‚
396 2709 446 2773 ein
466 2708 552 2773 Plots
575 2711 608 2772 in
628 2709 806 2774 Panoooien
827 2711 903 2774 odor
923 2712 956 2773 io
976 2710 1119 2773 mneos.
1161 2709 1316 2787 Paneiroli·
1356 2720 1357 2745 ¹

210 2818 250 2881 ad
272 2818 301 2882 b
315 2819 336 2883 l.
349 2826 422 2884 nota
445 2821 593 2902 pervertit
612 2839 714 2884 rerum
737 2821 897 2898 ordinem;
921 2839 990 2884 nam
1015 2820 1160 2901 Stephani
1183 2821 1313 2902 Mayab,

209 2928 300 3002 πόλις
319 2928 491 3011 Ἰλλυρίας,
515 2948 577 2995 non
596 2930 639 2995 ad
658 2931 863 3015 Comagenas,
886 2936 917 2994 et
938 2931 999 2994 boc
1023 2931 1166 3012 oppidum
1188 2946 1252 2994 non
1274 2928 1313 2992 ad

152 3018 156 3061 ¹
208 3036 409 3119 Pannoniam,
432 3041 489 3105 sed
505 3041 544 3105 ad
555 3041 705 3106 Noricum
714 3042 849 3123 Ripense
863 3043 1012 3122 pertinet
1030 3059 1097 3122 lpse
1109 3040 1214 3104 Cetius
1225 3057 1315 3105 mons

153 3174 157 3249 p
153 3144 367 3233 {utriusque
383 3151 564 3232 provinciae
587 3152 625 3217 ad
648 3153 820 3216 Danubium
842 3151 911 3215 linis
933 3160 1008 3216 erat.

153 3254 157 3333 l
294 3298 335 3309 —
355 3261 384 3337 l.
411 3260 473 3339 1o.]
497 3261 584 3325 Hunc
605 3264 632 3338 t.
647 3280 734 3338 omns.
757 3260 794 3325 9.
817 3263 863 3326 lle
884 3263 1034 3326 lauriaco
1058 3262 1153 3327 etad
1170 3263 1197 3339 i.
1214 3262 1245 3326 3.
1257 3280 1316 3326 an·

207 3375 323 3436 notata.
347 3371 508 3455 Hormayr.
520 3371 603 3434 Wton
614 3372 636 3434 l.
652 3375 681 3436 9.
694 3391 723 3453 p.
733 3370 801 3436 144.
820 3372 897 3451 ,Die
909 3371 1006 3434 Buebt
1027 3371 1232 3434 derboreber
1243 3371 1316 3434 Flo·

209 3477 271 3541 rote
293 3479 432 3543 istmoob
451 3486 542 3543 stater
563 3477 630 3543 dean
651 3479 769 3544 Nomen
788 3481 842 3543 des
863 3481 1042 3564 Englralens
1064 3480 1224 3544 bekannt«.

292 3628 334 3639 —
354 3594 381 3667 il.
408 3595 471 3672 11.]
493 3591 650 3655 Boiodoro
675 3608 783 3675 omnes,
808 3610 913 3674 pero,·
936 3591 1134 3677 Boto'dovpoa
1149 3591 1225 3655 Ptol.
1238 3592 1315 3656 Vin-

209 3696 342 3764 deliciae
370 3702 523 3782 attribuit,
551 3722 630 3786 quae
658 3705 782 3786 propria
809 3709 880 3787 post
900 3703 1129 3767 Constantinum
1152 3703 1316 3784 provincia

207 3824 270 3870 non
295 3810 360 3873 luit.
395 3812 544 3878 blannert.
565 3815 615 3878 lll.
637 3834 666 3897 p.
681 3814 753 3879 594.
769 3833 815 3896 sq.
830 3814 921 3877 nimis
946 3813 1134 3897 generaliter
1156 3813 1316 3878 Romanos

206 3917 412 3985 Vindotioiam
434 3925 625 4005 provinciam
645 3924 708 3989 ullo
731 3932 869 4005 tompore
888 3925 1055 4007 agnovisse
1068 3931 1180 4007 negat:
1206 3931 1315 3988 contra

205 4029 338 4107 probant
361 4051 424 4096 non
446 4036 545 4099 solum
567 4036 771 4113 Ptolemaeus,
796 4036 851 4099 sed
876 4043 907 4100 et
925 4035 1054 4117 lapides,
1077 4056 1104 4099 e.
1119 4053 1167 4118 gr.
1182 4033 1315 4115 putta

204 4138 244 4200 od
258 4139 286 4215 i.
295 4141 325 4202 4.
342 4158 373 4222 p.
384 4141 449 4205 66⁴⁶.
463 4147 677 4228 transcriptus.
722 4146 898 4226 Scripturae
921 4164 976 4227 por
997 4146 1007 4206 t
1028 4163 1084 4226 pro
1109 4144 1120 4203 ι’
1142 4144 1254 4207 ruenda
1275 4142 1317 4206 li-

202 4245 379 4314 brariorum
402 4261 481 4336 sunt,
504 4264 537 4320 ut
561 4259 594 4320 in
615 4257 650 4318 lt.
663 4257 734 4318 Ant.
751 4253 903 4317 Botodoro
916 4254 965 4318 vel
975 4254 1127 4317 Botodero
1149 4260 1180 4317 et
1197 4254 1228 4316 in
1241 4254 1314 4317 Tab.

204 4356 287 4423 Peut.
300 4359 469 4431 Quoue
487 4366 691 4447 Bobdltron,
713 4382 793 4447 quae
816 4365 847 4427 in
869 4381 907 4428 eo
922 4382 1044 4446 quoque
1065 4364 1144 4428 salsa
1158 4370 1216 4441 est,
1232 4363 1337 4447 quod,
