2918 4914
1186 262 1389 271 ...ψ-Ἥ

268 396 363 489 aio*
390 412 557 486 anunm
571 432 726 484 rocca.
741 397 897 482 uineta
917 414 982 479 arx
998 408 1177 482 chamna
1189 402 1322 479 muare
1367 442 1371 448 -
1422 412 1423 416 ¹

268 638 352 700 esset
375 651 539 697 armorum.
583 632 676 714 Atqui
698 622 836 696 Rhenum
861 635 950 694 antea
972 628 1136 694 videbatur
1156 629 1222 710 ipsu
1245 626 1294 692 aio
1310 644 1373 691 nu·
1421 608 1423 653 ²

267 744 337 810 tu'ra
363 744 511 825 duxisse,
529 748 569 815 ¹ut
592 761 629 807 eo
656 742 752 806 limite
773 743 930 807 Romanae
952 739 1134 822 provinciae
1157 739 1195 801 ab
1224 738 1373 802 immani·-
1421 722 1422 754 ¹

266 860 328 921 tate
347 855 512 921 barbariae
534 852 774 916 vindicarentur.
818 852 857 915 Et
871 852 939 933 quis
957 853 1093 933 unquam
1112 852 1183 915 anie
1195 848 1262 914 Vos
1282 848 1373 931 prio·-
1421 878 1422 886 κ

266 965 352 1048 capes
374 970 437 1028 non
460 963 635 1049 gratulatus
659 968 706 1025 est
721 961 833 1026 scuras
856 960 908 1024 1110
930 968 1018 1025 anae
1039 960 1174 1024 muniri?
1284 958 1372 1023 arca

264 1068 391 1140 Rhenus
423 1079 546 1139 arescat
569 1072 714 1153 tenuique
743 1070 832 1153 lapsu
851 1071 905 1134 u'iir
929 1052 1017 1136 leves
1040 1069 1177 1134 calculos
1204 1068 1370 1151 perspicuo
1419 1046 1420 1107 ἶ

263 1185 345 1249 vado
375 1182 488 1266 pellat,
518 1168 619 1246 nuhris
650 1181 722 1246 inde
748 1182 848 1245 inet'us
874 1188 931 1245 est.
958 1176 1103 1263 quioquid
1128 1178 1208 1243 ultra
1228 1168 1371 1244 Rheuulh

191 1363 193 1383 Ι
263 1293 437 1375 prospicio,
459 1294 628 1358 Romanum
651 1299 724 1356 est‘.
768 1291 930 1359 Salvianus
952 1298 1053 1355 autem
1076 1291 1133 1368 (de
1152 1278 1290 1373 gubba
1305 1286 1369 1352 tu.

267 1404 333 1480 12.)
348 1402 496 1486 ,excitata
513 1408 576 1468 est“
598 1403 740 1484 increpat
763 1402 813 1484 „in
833 1400 1005 1483 perniciem
1026 1420 1063 1466 ac
1077 1399 1213 1465 dedeoh's
1227 1402 1370 1463 nostrum
1416 1485 1417 1497 ἵ

261 1530 341 1594 gens
360 1514 439 1593 quae
454 1512 579 1576 deloco
602 1513 634 1574 in
654 1511 757 1575 locum
778 1518 925 1595 pergens,
948 1512 988 1575 ale
1006 1510 1084 1576 urbe
1097 1509 1129 1572 ln
1141 1507 1251 1573 urbem
1264 1500 1371 1574 traur-
1416 1500 1418 1533 r

191 1640 192 1655 ἢ
261 1621 330 1685 iens
360 1620 504 1686 universa
536 1626 680 1686 vastaret.
714 1640 752 1685 ao
778 1623 907 1703 primum
932 1641 949 1684 a
972 1621 1040 1685 solo
1069 1621 1167 1701 patrio
1192 1616 1293 1683 ellhsa
1323 1623 1377 1682 est·
1416 1683 1417 1691 ,

261 1730 293 1793 in
319 1731 512 1796 Germaniam
534 1732 677 1812 Primam,
702 1732 826 1796 nomine
841 1731 1015 1812 barbaram,
1041 1731 1165 1794 dicione
1179 1730 1368 1815 Romanum
1416 1751 1417 1755 ¹

259 1842 330 1922 post
353 1842 439 1905 cuius
461 1842 585 1907 exitium
607 1844 737 1926 primum
760 1844 835 1907 arsit
852 1843 941 1926 regio
964 1840 1138 1924 bolgarino,
1160 1830 1276 1903 deiude
1293 1850 1368 1921 opes

260 1946 484 2033 Aquitanorum
508 1952 736 2033 luxuriantium,
759 1956 790 2015 et
815 1951 984 2034 posthaec
1008 1958 1119 2033 corpus
1142 1948 1278 2015 omnium
1293 1947 1369 2013 Gal·
1415 2024 1416 2032 ἵ

260 2057 398 2123 liarum“.
444 2061 545 2143 Atque
566 2082 605 2126 ex
626 2063 686 2126 hoo
712 2063 780 2144 ipso
807 2061 943 2127 Salviani
963 2061 1054 2138 loco,
1078 2076 1168 2142 quem
1189 2058 1289 2123 luslus
1318 2057 1368 2119 in-

259 2172 445 2252 terpreialus
468 2177 516 2235 est
536 2171 706 2236 Bucherius
731 2172 929 2255 (Bengiom.
950 2162 1366 2250 beodii1655.lol.p.4oa.

258 2289 354 2362 squ),
369 2280 461 2344 etiam
478 2281 530 2343 hic
551 2282 684 2363 scriptor
707 2301 793 2346 suam
816 2280 855 2346 de
876 2281 1010 2346 Notitiae
1030 2281 1154 2363 Imperii
1174 2282 1275 2344 aetate
1297 2277 1368 2362 opi·
1414 2272 1415 2275 ’

142 2370 146 2379 ’
257 2388 393 2469 nlonem,
409 2390 565 2471 punillam
577 2392 722 2483 ,circiter
737 2411 764 2456 a.
774 2410 803 2473 p.
814 2391 885 2456 (ihr.
895 2390 1146 2456 ccccxxxvii.
1163 2389 1214 2454 vel
1228 2404 1367 2485 sequeu-
1413 2368 1415 2393 ²

151 2532 153 2538 ·
254 2501 333 2563 tem“
357 2499 470 2566 editam
491 2500 624 2580 pulavit,
652 2499 743 2563 facile
767 2502 928 2583 corrigere
949 2506 1076 2582 poterat.

342 2606 464 2671 Utinam
486 2607 664 2688 Eumenius,
688 2609 827 2689 quamvis
852 2609 956 2673 aridus
976 2610 1101 2689 rhetor,
1125 2606 1256 2672 lecisset
1279 2596 1364 2688 quod

257 2714 291 2778 in
314 2723 391 2780 orat.
410 2735 467 2798 pro
490 2722 622 2781 restaur.
636 2717 733 2781 schol.
753 2736 780 2781 o.
796 2720 845 2782 18.
861 2737 896 2783 se
926 2720 1031 2783 locere
1055 2734 1148 2802 posse
1171 2717 1276 2781 uideri
1302 2732 1365 2780 uo-

255 2823 326 2888 luit:
348 2827 439 2908 ,quid
461 2845 521 2910 ego
549 2828 664 2892 alarum
687 2832 719 2893 et
748 2828 921 2894 cohortium
944 2837 1047 2894 castra
1070 2844 1274 2912 percenseam
1296 2828 1362 2891 tolo
1411 2855 1412 2860 1

251 2932 352 2999 Rheni
372 2940 403 3000 et
423 2935 493 2999 Istri
520 2941 550 3002 et
571 2936 735 3020 Euphratis
766 2939 862 3002 limite
893 2939 1058 3003 restituta?
1082 2940 1226 3018 ...quot
1247 2936 1363 3018 ubique
1411 2965 1412 3025 3

256 3045 337 3108 muri
362 3045 428 3108 iiix·
446 3046 578 3128 repertis
605 3053 742 3112 veterum
765 3047 1033 3112 fundamentorum
1055 3047 1197 3130 uestigiis
1219 3046 1363 3111 excitan-

251 3148 343 3220 'iur‘i“
363 3163 426 3221 ium
448 3156 571 3222 facilius
594 3157 770 3224 uideremus
793 3156 1054 3242 quonammodo,
1078 3168 1167 3241 quem
1190 3174 1274 3223 nunc
1297 3162 1361 3223 nob
1410 3161 1412 3214 i

250 3262 293 3329 lta
307 3264 400 3332 lacile
414 3268 482 3349 quis
495 3266 670 3350 explicabit,
689 3270 873 3336 Germaniae
885 3257 1005 3335 Primae
1019 3269 1168 3354 regiones
1184 3270 1265 3334 inter
1279 3268 1361 3333 huuc
1410 3319 1411 3327 ,

251 3375 318 3439 eius
341 3378 457 3442 Ducem
489 3397 527 3442 ac
555 3379 703 3443 Comitem
733 3386 848 3445 tractus
877 3380 1152 3465 Argentoratensis
1181 3380 1360 3462 Ducemipue

247 3484 537 3569 Mogontiacensem
571 3489 749 3571 dispertitae
784 3490 932 3554 luissent:
970 3495 1064 3568 totam
1090 3488 1191 3556 Rheni
1221 3474 1359 3553 huminis

249 3613 336 3660 oram
354 3617 376 3665 a
396 3594 507 3661 linibus
529 3599 680 3663 Maximae
708 3600 919 3681 Sequanorum
944 3600 1102 3682 usquead
1128 3598 1266 3663 urceus
1288 3598 1361 3665 Mo·
1456 3636 1458 3649 =

247 3706 464 3786 gonliacensis
488 3707 566 3772 fines
582 3708 694 3773 Comes
713 3709 988 3793 Argentoratensis
1006 3691 1263 3792 ¹(cf.p.597*.sq.
1275 3706 1316 3773 ad
1330 3724 1359 3792 p.
1409 3690 1410 3735 ²

170 3906 173 3911 Ι
247 3814 316 3878 ὅδ’.
331 3816 430 3896 ab),
452 3821 482 3880 et
506 3815 580 3880 iude
600 3835 698 3899 usque
722 3818 760 3882 ad
782 3819 998 3884 Antunnacum
1012 3817 1243 3899 (cladomb),
1266 3834 1359 3901 supra
1409 3787 1410 3815 ¹

247 3924 367 3990 Arolae
380 3927 529 3990 Ubiorum
545 3925 643 4007 (aar)
657 3928 687 3990 b.
704 3924 783 3992 ostia
805 3928 904 4010 situm,
928 3929 996 3992 Dux
1018 3928 1285 4013 Mogontiaoeusis
1298 3928 1359 4010 (of.
1408 3926 1410 3969 3

248 4042 315 4107 cap.
329 4027 491 4106 XXXIX.)
503 4027 675 4094 cohibebat.
699 4029 752 4092 ubi
769 4030 890 4094 tandem
904 4030 991 4094 locus
1007 4032 1063 4094 luit
1079 4031 1158 4094 Duoi
1174 4030 1360 4096 Germaniae
1408 4059 1409 4065 ¹

247 4126 394 4193 Primae?
417 4131 510 4194 (iuius
532 4132 723 4213 quaestionis
747 4132 916 4197 solvendae
936 4152 1006 4197 eum
1025 4149 1116 4197 nemo
1138 4150 1228 4215 quem
1250 4131 1358 4212 seiam,

247 4230 420 4312 perieulum
444 4234 599 4314 tecente,
624 4234 725 4298 dicam
748 4235 831 4316 quod
854 4236 972 4299 sentio:
995 4236 1174 4318 provincias
1195 4234 1358 4315 militares,
1406 4273 1407 4285 κ

246 4331 542 4351 Ἥ

348 4366 379 4434 *)
399 4370 464 4420 liam
487 4370 557 4439 quod
576 4368 737 4438 schoepflin.
747 4369 803 4422 Alo.
817 4368 855 4422 ill.
866 4368 887 4423 1.
900 4386 927 4439 p.
937 4372 1000 4425 uto.
1013 4387 1052 4442 sq.
1063 4372 1089 4436 δ.
1101 4370 1189 4425 bviii.
1199 4369 1321 4439 protulit,
1332 4374 1359 4423 ei
1405 4375 1406 4380 ’
