2918 4914
138 352 142 427 ἶ
204 346 294 421 582*
321 368 488 418 annonae
505 370 581 418 nor.
593 368 666 418 oco.
685 370 856 431 cnr.xxrr.
868 370 973 419 coues
988 367 1189 422 autrannus.

138 596 140 667 ὲ
205 571 286 635 niam
309 572 398 635 tuitio
412 571 667 651 meridionalium,
685 571 762 634 Duci
784 570 954 635 borealium
968 571 1152 636 dioeceseos
1173 572 1303 654 partium

138 722 139 728 κ
204 682 406 747 incumbebat.
458 683 492 746 ld
514 702 607 746 unum
629 688 799 746 memoratu
820 683 947 765 dignum
970 689 1033 763 est,
1058 684 1157 765 quod,
1180 702 1249 747 cum
1271 684 1302 747 in

136 788 139 861 j
202 799 373 857 ceterorum
390 793 539 857 Comitum
554 795 732 876 Ducumque
747 793 989 875 expositionibus
1011 791 1150 859 omnibus
1171 812 1303 858 accura-

136 909 138 969 t
200 904 259 967 tius
280 905 520 985 exprimeretur,
542 904 595 967 uhi
616 904 755 967 locorum
775 904 900 967 Militum
922 905 1047 968 Numeri
1078 905 1128 985 qui
1151 905 1208 968 sub
1235 905 1300 968 dts-

135 1007 137 1093 ῗ
201 1014 355 1095 positione
378 1014 498 1078 illorum
520 1020 634 1093 essent,
657 1015 805 1078 stationes
824 1014 1013 1093 habuissent,
1037 1015 1097 1078 hoc
1121 1014 1221 1096 caput,
1245 1032 1301 1096 pa-

133 1136 136 1203 }
197 1123 273 1188 riter
296 1130 387 1206 atquc
409 1126 569 1207 sequentia
592 1126 665 1204 duo,
690 1125 836 1189 nonnisi
860 1126 1017 1209 regiones,
1041 1125 1061 1186 i.
1080 1144 1107 1188 e.
1124 1124 1300 1205 provincias

132 1210 135 1328 J
198 1234 267 1298 sive
288 1239 420 1314 tractus,
444 1234 500 1298 sub
529 1235 732 1316 dispositione
759 1235 907 1298 Comitum
930 1235 1173 1313 Britanniarum,
1196 1233 1300 1299 ltaliae

132 1330 134 1395 ἶ
196 1342 384 1424 Tractusque
406 1344 680 1425 Argentoratensis
703 1345 883 1407 constitutas
904 1344 1024 1425 posuit,
1047 1345 1131 1407 utin
1153 1343 1299 1426 symbolis

200 1453 1300 1531 etiamlrorumtriumComitumuniustantummaioriscastelli,Comitis

196 1561 269 1626 Brit.
282 1563 313 1625 in
334 1563 432 1627 insula
446 1564 672 1646 positi,pictura
690 1583 757 1628 cum
770 1565 917 1645 inscripto
929 1563 1008 1626 illius
1023 1564 1163 1646 regionis
1177 1565 1301 1629 nomine

198 1675 396 1755 conspicitur,
418 1691 491 1754 non,
514 1680 547 1736 ut
569 1675 600 1736 in
622 1680 795 1738 ceterorum
813 1674 962 1738 Comitum
978 1676 1156 1756 Ducumque
1178 1682 1300 1756 practer

195 1782 371 1864 Sequanici,
398 1785 450 1846 uni
471 1783 698 1847 bataviensium
719 1784 854 1854 Numero
868 1784 1035 1864 praepositi
1049 1792 1133 1865 (cap.
1149 1783 1298 1865 XXXV.),

198 1893 356 1975 symbolis,
380 1894 465 1975 plura
489 1894 615 1958 castella
636 1910 706 1956 eum
720 1895 899 1957 stativorum
915 1895 1088 1957 nominibus
1109 1893 1298 1958 exhibentur.

197 2004 289 2068 Cuius
312 2005 500 2068 diversitatis
530 2004 681 2068 rationem
704 2004 796 2067 unice
825 2005 856 2066 in
879 2005 1004 2067 istarum
1027 2004 1188 2086 regionum
1218 2010 1297 2068 statu

100 2119 103 2133 '
194 2115 324 2196 bellico,
349 2115 447 2197 qualis
470 2116 526 2181 sub
557 2116 647 2179 finem
669 2113 786 2179 saeculi
815 2116 914 2201 quarti
937 2115 1093 2195 quintique
1115 2113 1203 2177 initio
1231 2115 1296 2194 luit,

195 2245 262 2290 cum
285 2227 425 2291 Saxones
449 2233 479 2289 et
500 2227 610 2289 Franci
631 2226 716 2290 Scoti
739 2225 875 2306 Pictique
897 2208 1101 2303 Britanniam,
1126 2224 1298 2288 Germano-

195 2355 261 2400 rum
271 2336 374 2417 populi
384 2335 509 2415 Gallias,
522 2312 638 2400 ltaliam
649 2337 857 2417 regionesque
865 2333 1061 2397 Danubianas
1074 2352 1143 2397 curn
1152 2333 1297 2398 Sarmatis

196 2445 519 2525 GothiAlamannique
532 2451 717 2524 premerent,
742 2444 884 2525 equidem
901 2462 1048 2525 quaerere
1069 2443 1159 2506 valde
1181 2444 1296 2509 dubito.

196 2555 375 2619 Pancirolus
396 2555 478 2618 lrunc
501 2554 648 2617 Comitem
670 2571 726 2634 pro
751 2554 924 2636 insignibus
945 2560 1068 2636 praeter
1096 2553 1206 2617 librum
1231 2573 1297 2617 cum

199 2664 352 2728 codicillis
375 2665 573 2747 magistratus
596 2663 774 2744 inscriptum
799 2637 928 2726 insulam
959 2663 1048 2727 unius
1075 2669 1189 2727 tantum
1214 2665 1296 2728 urbis

196 2775 331 2857 effigiem
354 2779 527 2851 tenentem,
550 2774 598 2836 cui
627 2792 719 2854 supra
750 2775 897 2855 scriptum
930 2778 978 2836 est
1005 2796 1197 2852 anteimus,
1227 2774 1295 2838 idco

194 2885 309 2948 babere
331 2883 463 2966 putavit,
487 2883 570 2966 quod
592 2883 782 2963 ,praesidia,
806 2883 1067 2965 quacoamiserat,
1090 2885 1293 2948 omittunturss.

196 2994 257 3059 Sed
280 3012 318 3056 co
341 3000 498 3075 tempore,
526 3010 586 3074 quo
609 2992 788 3056 Puncirolus
816 2991 897 3056 hane
918 2992 1062 3056 Notitiam
1091 2994 1294 3076 conscriptam

196 3080 336 3187 opinatus
359 3109 421 3184 est,
442 3103 600 3168 Britannia
622 3104 748 3166 omnino
780 3102 818 3165 ad
850 3103 1008 3184 imperium
1034 3104 1121 3167 llam.
1143 3103 1294 3184 pertinere

196 3214 249 3278 diu
273 3215 425 3292 desierat3
445 3232 545 3295 nequo
564 3213 667 3294 itaque
683 3213 736 3276 ille
752 3213 891 3277 scribere
913 3212 1045 3276 debebat
1065 3218 1146 3294 ,tota
1167 3213 1233 3277 sere
1248 3213 1294 3275 in-

194 3326 259 3389 sula
286 3326 318 3387 in
347 3325 552 3388 Barbarorum
585 3329 766 3404 potestatem
798 3322 945 3402 redacta,
977 3325 1045 3387 sine
1074 3323 1239 3405 praesidiis
1267 3328 1294 3387 et

196 3435 292 3516 copiis
314 3433 366 3496 hic
388 3434 499 3497 Comes
526 3451 594 3495 cum
625 3432 692 3496 sola
717 3432 836 3496 insulae
858 3432 993 3514 imagine
1020 3420 1292 3514 repraesentatur‘.
1332 3458 1335 3521 p

195 3546 251 3607 Ubi
272 3545 383 3607 Cernes
405 3522 629 3606 Britanniarum
658 3542 847 3606 ordinariam
871 3543 976 3607 sedern
998 3542 1157 3622 babuerit,
1181 3563 1230 3607 me
1252 3543 1294 3607 le·
1332 3526 1335 3591 l

195 3674 272 3738 gere
294 3671 357 3716 non
381 3654 520 3731 memini,
544 3654 610 3717 veri
633 3660 734 3716 tamen
759 3653 943 3716 simillimum
970 3671 1040 3716 esse
1068 3652 1141 3715 milri
1165 3653 1292 3743 uidetur,

194 3765 327 3829 Eburaci
351 3762 486 3844 (lori),
511 3764 542 3826 in
565 3764 697 3827 statione
717 3763 865 3846 Legionis
888 3764 1000 3828 Sextao
1021 3782 1089 3827 oum
1110 3763 1228 3844 pariter
1250 3767 1293 3826 at-

196 3894 254 3958 que
271 3874 630 3939 DuccmBritanniarum
655 3873 787 3953 sedisse,
809 3880 841 3936 ut
865 3873 916 3936 hic
937 3872 1131 3955 borealibus,
1155 3873 1208 3937 ille
1230 3890 1294 3936 me·

203 4037 495 4047 ——----—--

196 4149 221 4194 to
244 4140 327 4193 ulem
347 4158 416 4193 mere
436 4141 533 4205 subject
551 4139 589 4192 all
608 4140 649 4193 tte
671 4141 745 4193 atbar
762 4142 898 4209 pumisons
915 4141 944 4192 in
963 4139 1005 4192 tbe
1024 4138 1135 4191 island“.
1173 4139 1228 4191 lam
1249 4138 1294 4191 Bi-

197 4238 290 4291 amum
316 4238 469 4290 Corinensis
486 4237 505 4288 l.
522 4237 548 4301 6,
564 4238 590 4290 3.
608 4236 656 4288 hus
681 4245 733 4295 tres
762 4244 880 4289 rectores
904 4237 1031 4288 militares
1059 4252 1092 4290 ox
1122 4234 1173 4287 huo
1196 4235 1295 4289 nortus

197 4336 323 4389 distinxit.
