2918 4914
101 254 1332 377 mgb

470 423 539 472 car.
558 424 684 497 xxaprr.
709 424 750 470 an
772 400 935 472 mo.85*·
1111 494 1117 503 Ι
1165 399 1256 473 591*
1350 458 1354 465 .

153 618 257 681 Duces
280 636 371 699 quam
395 620 485 683 etiam
510 622 645 685 comites
667 621 829 703 atquibus
852 621 950 686 Rheni
973 620 1114 685 mandata
1137 627 1184 685 est
1200 640 1257 685 cu-

150 728 255 791 stodia
275 729 445 793 Sinceritas
465 730 530 792 l'na
553 731 691 811 protinus
717 731 903 811 admonebit,
923 738 957 793 ut
976 749 1076 811 noque
1098 731 1256 814 regalibus

149 854 253 918 neque
274 838 385 923 legatis
409 857 464 901 sua
492 839 603 902 milites
637 841 768 903 iuiuenta
802 841 1012 921 suppeditent:
1044 841 1155 903 etenim
1188 859 1256 902 eum

145 932 286 1029 propriis
308 947 489 1011 animalibus
510 966 549 1012 eo
578 968 675 1031 usque
695 949 879 1013 veniendum
909 956 969 1027 est,
1000 950 1052 1012 ubi
1075 948 1255 1029 obsequium

146 1053 296 1119 cursuale
318 1056 467 1120 succedit.
512 1057 593 1121 Sane
612 1058 850 1121 sollicitudinem
871 1065 1093 1139 competentem
1106 1058 1257 1121 Auctori-

143 1170 197 1229 tas
218 1166 284 1230 'l'ua
307 1167 425 1231 iubebit
449 1168 603 1245 adhiberi,
626 1176 659 1231 ut
680 1187 787 1231 eoram
805 1170 984 1249 pecoribus,
1006 1170 1058 1231 irbi
1075 1170 1267 1261 collocave-v

141 1277 211 1339 rint
230 1277 433 1356 arausionem,
456 1277 599 1342 alimenta
620 1297 684 1341 non
706 1279 835 1341 desint“.
880 1282 942 1343 lam
964 1280 1172 1343 Gothotrodns
1195 1280 1256 1342 ob-

141 1386 290 1451 servavit
314 1406 353 1450 ex
380 1388 568 1469 comitibus,
593 1388 632 1451 de
663 1390 772 1470 quibus
800 1390 859 1451 hac
891 1391 1110 1452 constitutione
1142 1390 1254 1471 agitur,

143 1496 241 1561 etiam
255 1496 551 1581 Argentoratensem
571 1499 677 1577 luisse,
700 1506 770 1563 sunt
786 1507 885 1562 antem
907 1500 1077 1563 doctissimi
1096 1516 1257 1562 commen-

139 1608 258 1673 tatoris
278 1608 376 1672 verba
398 1608 495 1672 haec:
519 1609 640 1689 ,Duces
665 1617 696 1673 et
718 1610 851 1673 Comites
873 1611 920 1673 rci
944 1611 1084 1673 militaris
1105 1628 1162 1691 per
1180 1608 1256 1681 Gal-

137 1716 217 1782 liam
239 1718 332 1782 buius
354 1719 434 1801 legis
451 1720 537 1782 initio
561 1727 780 1799 memorantur,
804 1721 856 1801 qui
876 1720 997 1812 scilicet
1018 1739 1074 1800 per
1094 1725 1256 1800 utramque

144 1826 347 1893 Germaniam
368 1828 588 1894 cisrhenanam
611 1837 642 1894 et
656 1829 811 1913 Belgicam
835 1832 922 1894 luere
946 1831 1101 1893 autetiam
1121 1848 1177 1911 per
1197 1830 1257 1892 Se-

144 1938 328 2019 quanicam:
360 1939 400 2003 dc
430 1940 538 2003 harum
568 1942 649 2004 enim
678 1941 909 2021 provinciarum
934 1941 1068 2003 onmium
1097 1940 1254 2017 militibus,

146 2048 285 2113 Ducibus
318 2056 349 2112 et
377 2051 546 2114 comitibus
577 2052 628 2113 lex
657 2058 764 2114 nostra
796 2051 996 2133 intelligenda
1026 2056 1092 2113 est:
1120 2066 1178 2130 per
1201 2068 1255 2113 eas

152 2158 261 2243 quippe
281 2160 460 2241 provincias
484 2162 611 2225 Francis
634 2165 666 2223 et
680 2160 870 2238 Alamannis,
895 2161 945 2240 qui
969 2160 1073 2241 populi
1098 2165 1158 2221 tum
1176 2159 1257 2221 utri-

156 2286 214 2351 que
237 2268 464 2334 Transrhenani
496 2277 584 2334 erant
615 2288 671 2334 seu
701 2276 787 2333 hans
808 2270 947 2332 Rhenum
971 2269 1063 2331 sedes
1091 2262 1255 2345 habebant,

155 2378 307 2461 oppositus
323 2380 412 2443 miles
434 2387 510 2458 erat,
538 2386 568 2442 et
588 2399 643 2463 per
665 2380 790 2469 easdem
811 2379 989 2460 prouincias
1011 2378 1050 2440 ad
1063 2376 1257 2441 Valentinia-

150 2506 220 2553 uom
242 2489 402 2581 inGalliis
423 2491 613 2569 haerentem,
636 2491 760 2553 Parisiis
775 2490 914 2571 primum,
938 2507 1010 2551 mox
1024 2488 1140 2567 Remis,
1155 2488 1254 2550 Fran-

149 2599 194 2665 cis
215 2606 248 2665 et
258 2600 440 2665 Alamannis
462 2601 501 2664 ad
523 2602 652 2665 foedera
667 2600 802 2663 ineunda
822 2601 880 2663 iter
901 2606 967 2662 erat
987 2598 1178 2663 neccessario.
1207 2597 1255 2660 Dc

147 2708 305 2775 limitanea
328 2711 465 2792 alioquin
488 2712 528 2774 ad
550 2712 689 2776 Rhenum
709 2712 805 2773 milite
827 2710 951 2773 aliunde
973 2728 1024 2772 res
1046 2716 1118 2772 nota
1140 2713 1253 2771 est...

145 2820 188 2885 Aa
210 2820 253 2885 de
275 2822 444 2886 comitibus
469 2822 668 2899 nominatim,
699 2840 829 2903 quonam
854 2821 913 2882 hac
936 2820 955 2881 l.
972 2820 1088 2882 mentio
1111 2818 1161 2895 ht,
1192 2834 1255 2880 non

143 2946 208 2994 urio
222 2930 297 2995 loco
311 2932 489 2995 Ammianus
509 2932 705 2996 Marcellinus
727 2933 802 3013 agit,
827 2938 857 2994 et
879 2930 1002 3011 paridem
1018 2931 1049 2991 in
1070 2929 1168 3011 gestis
1181 2928 1255 2990 anni

144 3038 219 3105 306.
231 3038 286 3103 lib.
300 3038 422 3104 xxvii.
437 3060 502 3122 rap.
518 3044 545 3103 1.
561 3042 609 3104 his
632 3038 923 3105 verbis‘Atouroaai
946 3039 1122 3101 Gallicanos
1145 3036 1255 3099 limites

139 3150 305 3229 [omisisti
324 3151 387 3213 iarn
415 3150 639 3230 persultabant.
676 3150 784 3211 trorum
814 3148 952 3228 portioni
976 3148 1097 3227 primae
1119 3146 1254 3209 carietto

144 3262 219 3321 tuuc
235 3276 298 3337 per
317 3266 477 3357 stirpat-quc
502 3260 696 3322 Germanicas
719 3258 841 3336 comes,
864 3275 1052 3319 occursurus
1074 3274 1141 3317 carm
1161 3254 1255 3316 utilite

146 3361 319 3449 epreditsai.
376 3370 472 3435 caute
501 3372 544 3434 ait
574 3370 771 3435 blarcellinus
790 3368 893 3457 ‘turici
917 3368 989 3431 ideo
1015 3384 1158 3447 quaeque,
1182 3365 1253 3447 quia

149 3478 272 3543 scilieet
293 3484 366 3560 posi
387 3481 595 3545 cariettoncm
621 3480 674 3559 [do
704 3497 764 3560 quo
786 3479 826 3542 ct.
840 3479 952 3541 Zosim.
966 3476 1016 3539 lll.
1030 3477 1060 3539 7.
1077 3482 1108 3539 et
1124 3474 1209 3538 Suid.
1222 3494 1253 3537 v.

147 3584 296 3669 Ἀνετχεν.
311 3588 361 3651 ed.
377 3590 498 3653 liuster.
515 3591 536 3651 l.
550 3607 581 3670 p.
594 3590 697 3670 obss,
721 3607 758 3653 eo
781 3590 847 3669 ipso
870 3605 951 3651 anno
976 3585 1048 3649 366.
1069 3586 1150 3650 bello
1174 3585 1253 3649 Ala-

149 3696 294 3761 mannico
316 3697 528 3777 interiectum,
560 3716 622 3761 non
645 3699 807 3777 iamunus
830 3699 941 3761 comes
970 3714 1025 3778 per
1046 3695 1252 3775 Germaniam,

149 3820 253 3869 rerum
275 3806 338 3869 dno
360 3808 496 3873 comites
513 3809 645 3887 loenrnt,
668 3810 835 3872 Nannenus
857 3808 1004 3871 videlicet
1024 3813 1055 3870 et
1072 3808 1235 3884 Quintinus
1243 3828 1253 3887 3

152 3914 234 3979 cuius
259 3918 401 3981 Nanneni
424 3918 561 3982 meminit
581 3919 662 3982 idem
675 3916 873 3983 Marcellinus
893 3916 945 3981 lib.
959 3918 1094 3982 lillvlll.
1109 3938 1135 3981 c.
1152 3920 1180 3980 5.
1199 3917 1251 3995 [ad

118 4104 122 4111 Ι
149 4016 259 4091 auio
280 4026 460 4108 ,Saxonum
482 4028 651 4108 eruptionis
670 4029 792 4108 primos
810 4012 1157 4108 procellonrll⁷oaneaars
1178 4044 1253 4088 sats.

149 4133 234 4199 tinuit
252 4134 361 4201 Comes
383 4136 557 4219 rectoribus
580 4139 687 4200 iisdem
706 4139 882 4219 adpositos,
905 4138 970 4201 darc
990 4138 1133 4200 riiaturno
1160 4135 1252 4199 betto.

149 4261 214 4309 mos
233 4245 342 4311 labora
361 4255 566 4330 compertos“]
592 4249 747 4313 etXXXl.
764 4250 924 4330 c.10.[ad
943 4249 1054 4313 asti.
1072 4230 1252 4330 ,Nor'mieno

147 4357 296 4439 matiam
317 4357 399 4421 dedit
420 4359 601 4439 (Gratianus
622 4361 731 4442 imp),
761 4359 887 4424 obtutis
914 4359 1041 4424 sobriae
1070 4358 1192 4438 daci“],
1222 4361 1255 4420 et

101 4484 107 4533 ¹
1303 4496 1324 4561 l

101 4556 521 4603 'Ga-...mw-
686 4610 689 4617 ¹
1270 4564 1329 4613 Η
