2918 4914
678 42 701 87 Ο

151 235 1336 284 (Q

203 379 296 451 556*
321 401 445 450 αππλο
457 402 532 450 ποτ.
543 400 615 449 occ.
625 401 693 448 ωε.
704 402 780 449 xxv.
791 400 1010 448 οοιεοιιτοα.
1022 400 1138 449 ωπον.
1149 399 1293 449 mum.

204 601 314 683 φιλίας
335 595 543 681 προςάγοντος
566 600 690 682 ἐδέχετο
719 603 778 678 μὲν
806 597 848 671 ὡς
872 598 965 683 φίλον
993 599 1049 659 τόν
1077 590 1200 680 ἀνδρα,
1224 592 1295 670 δοδς

203 709 239 771 δὲ
261 706 315 770 κατ’
338 710 446 788 λαβεῖν
469 703 584 792 όρκους
606 709 737 789 ἀναιρεῖ
755 711 965 790 παραχρῆμα,
987 708 1108 791 μηδένα
1121 711 1186 771 τοόν
1197 701 1294 787 ὅρκων

202 813 414 900 ποιησάμενος
438 813 529 899 λόγον
551 824 592 896 [a.
610 815 831 899 p.chr.408.].
878 819 1116 880 Κωνσταντίνου
1141 819 1177 880 δὲ
1199 839 1294 896 στρα-

204 923 298 1007 τηγόν
313 924 567 1010 καταστήσαντος
575 922 754 1008 Ἐδόβιγχον
769 924 941 1012 [Ἐδόβιχον
955 928 1133 1006 sozontem]
1149 920 1293 1005 Φράγκον

202 1023 275 1098 όντα
298 1034 332 1098 τό
356 1036 454 1117 γένος,
476 1033 647 1118 Γερόντων
668 1037 703 1099 δὲ
725 1033 788 1099 ἀπό
812 1038 868 1118 τῆς
883 1039 1080 1119 Βρεττανίας
1103 1030 1293 1117 όρμσόμενον,

202 1143 311 1217 δείσας
335 1137 350 1203 ό
375 1141 477 1227 Σάρος
498 1144 554 1226 τήν
575 1147 636 1207 τοῖν
657 1147 842 1229 στρατηγῶν
865 1144 988 1208 τοότων
1011 1143 1084 1227 περί
1101 1140 1139 1207 τά
1162 1144 1293 1221 πολέμια

201 1259 314 1333 πεῖραν
344 1249 429 1331 όμοῦ
459 1254 514 1316 καί
544 1253 680 1339 ἀνδριάν
708 1244 892 1335 ἀνεχώρησε
922 1255 979 1334 τῆς
1009 1253 1199 1332 Βαλεντίας,
1221 1243 1294 1313 ἑπτὰ

201 1358 410 1442 πολιορκήσας
429 1360 546 1445 ταύτην
578 1357 709 1445 ἡμέρας.
753 1360 1023 1444 καταδραμόντων
1047 1361 1082 1423 δὲ
1108 1357 1206 1423 αάτόν
1239 1360 1297 1421 τοῖν

205 1469 450 1531 Κωνσταντίνου
461 1471 643 1554 στρατηγῶν
656 1468 738 1550 μετὰ
752 1472 900 1553 μεγίστης
912 1472 1109 1548 δυναστείας,
1123 1468 1183 1533 σόν
1199 1466 1297 1553 πολλῷ

202 1573 342 1663 διεσώθη
364 1574 456 1665 πόνιρ,
476 1575 532 1660 τήν
553 1580 640 1643 λείαν
666 1574 795 1643 ἀπασαν
817 1578 1042 1662 δωρησάμενος
1066 1587 1132 1653 τοῖς
1152 1580 1227 1668 περί
1244 1571 1297 1647 τός

172 1675 324 1760 ’Ἄλπεις
348 1685 566 1769 ἀπαντήσασιν
588 1680 881 1774 αότῷΒακαόδαις,
907 1680 991 1761 δπως
1010 1687 1213 1772 εάρυχωρίας
1226 1684 1295 1766 παρ’
1336 1684 1337 1701 ’

202 1792 311 1855 αάτοόν
342 1792 423 1882 τύχη
455 1794 510 1877 τής
540 1797 593 1859 ἐπί
623 1796 680 1878 τήν
702 1796 834 1860 Ἰταλίαν
857 1795 1010 1880 παρόδου.
1056 1797 1162 1880 Σάρου
1194 1796 1297 1861 τοίνυν

201 1895 301 1976 οδτανς
321 1903 365 1976 εἰς
389 1900 446 1986 τήν
465 1902 600 1968 Ἰταλίαν
622 1907 854 1986 διασωθέντος,
875 1905 1062 1988 συναγαγών
1082 1904 1100 1966 δ
1125 1908 1297 1970 Κωνσταν-

202 2019 284 2088 τϊνος
308 2009 365 2094 τήν
385 2010 524 2094 δύναμιν
552 2006 681 2078 ἅπασαν
709 2010 788 2094 ἔγνω
812 2013 957 2101 φυλακαῖς
981 2010 1142 2097 ἀρκοόσας
1167 2016 1298 2097 ἐγκατα-

201 2123 313 2206 στήσαι
342 2111 589 2196 ταῖςἎλπεσιν.
630 2114 711 2206 η’σαν
740 2126 775 2188 δὲ
797 2117 896 2189 αόται
917 2132 1002 2208 τρεῖς
1030 2119 1064 2186 αἱ
1088 2121 1145 2198 τός
1169 2122 1224 2186 ἐπί
1244 2119 1298 2205 τήν

201 2232 336 2296 Ἰταλίαν
364 2228 427 2294 ἀπό
455 2235 585 2297 Κελτῶν
605 2234 751 2296 κάκεῖθεν
775 2235 919 2297 ἐπέκεινα
952 2230 1047 2308 όδοδς
1068 2228 1298 2310 ἀποκλειόυσαι,

205 2340 356 2418 Κοττίαι,
379 2343 550 2420 Ποινίναι,
571 2344 773 2424 Μαριτίμαι.
809 2343 910 2405 ταῦτα
933 2342 968 2404 δὲ
989 2343 1030 2404 δι’
1051 2341 1155 2404 αἰτίαν
1173 2340 1297 2425 τοιάνδε

163 2456 168 2466 ’
202 2449 256 2530 τής
280 2447 446 2531 εἰρημένης
468 2473 522 2528 μοι
545 2451 693 2531 προνοίας
715 2449 856 2531 ἠξίωσεν.
881 2446 915 2513 ἐν
934 2457 1000 2525 τοῖς
1011 2453 1210 2532 προλαβοῦσι
1224 2447 1295 2533 χρό-
1336 2510 1337 2537 η

202 2577 279 2635 νοις,
301 2557 390 2619 ἕκτον
412 2549 471 2640 ἤδη
493 2550 818 2640 τήνδπατονέχοντος
840 2556 946 2641 ἀρχήν
960 2559 1128 2641 Ἀρκαδίαν
1148 2562 1203 2622 καί
1216 2554 1298 2641 Πρό-

202 2669 262 2746 βου
288 2670 330 2742 [α.
345 2683 374 2745 p.
386 2665 457 2727 Chr.
472 2664 558 2747 406]
581 2668 734 2729 Βανδιλοι
758 2660 895 2748 Συήβοις
923 2671 979 2730 καί
997 2666 1143 2742 Ἀλανοῖς
1167 2663 1299 2741 έαυτοός

204 2770 413 2851 ἀναμίξαντες
438 2773 569 2846 τοότους
592 2765 785 2855 ὑπερβάντες
807 2771 881 2850 τοός
903 2771 1020 2851 τόπους
1041 2783 1107 2849 τοῖς
1129 2774 1210 2858 ὑπὲρ
1236 2778 1301 2843 Ἀλ-

205 2903 273 2954 πεις
301 2875 428 2944 ἔθνεσιν
457 2876 651 2965 ἐλυμήναντο
680 2880 734 2943 καί
758 2880 858 2944 πολόν
880 2881 1087 2964 ἐργασάμενοι
1113 2880 1209 2966 φόνον
1234 2884 1301 2949 ε’πί-

205 2994 300 3075 φοβοι
323 2988 377 3052 καί
399 2998 463 3064 τοῖς
487 2993 519 3053 έν
546 2993 754 3072 Βρεττανίαις
782 2995 1006 3074 στρατοπέδοις
1028 2992 1181 3073 ἐγένοντο,
1203 3019 1301 3075 συνη-

204 3097 362 3179 νάγκασαν
383 3101 433 3180 δέ,
455 3101 519 3162 δέει
541 3103 597 3163 τοῦ
616 3099 661 3180 μή
684 3101 763 3164 κάπί
784 3103 867 3184 σφᾶς
889 3106 1071 3184 προελθεῖν,
1096 3105 1139 3176 εἰς
1164 3102 1223 3186 τήν
1245 3105 1303 3168 τῶν

206 3205 368 3292 τυρόννων
390 3209 533 3291 ὁρμήσαι
551 3213 760 3290 χειροτονίαν,
783 3210 924 3292 Μάρκου
944 3213 1023 3291 λέγω
1049 3215 1104 3274 καί
1120 3216 1151 3276 Γ
1150 3215 1304 3295 ρατιανοδ

204 3321 259 3382 καί
287 3319 340 3382 ἐπί
360 3316 484 3390 τούτοις
509 3314 758 3381 Κωνσταντίνου·
782 3315 858 3398 πρός
882 3312 918 3379 όν
943 3319 1050 3400 μάχης
1073 3323 1231 3402 καρτερᾶς
1254 3344 1304 3402 7⁶·

205 3433 336 3510 νομένης
360 3428 470 3491 ε’νίκων
487 3427 546 3506 μὲν
569 3424 596 3487 οὶ
613 3425 776 3508 Ῥωμαῖοι,
799 3423 832 3487 τό
860 3424 940 3487 πολό
964 3429 1027 3489 ταῖν
1049 3431 1227 3510 βαρβάρων
1247 3455 1305 3494 κα-

205 3536 425 3621 τασφάξαντες
445 3539 563 3617 μέρος,
588 3541 655 3606 τοῖς
675 3535 712 3595 δὲ
735 3535 907 3617 φεύγουσιν
939 3535 996 3598 οόκ
1019 3533 1238 3614 ἐπεξελθόντες
1269 3531 1307 3620 (ή

204 3645 266 3732 γάρ
300 3639 341 3709 ἀν
374 3640 516 3717 ἅπαντας
539 3646 742 3728 πανωλεθρίᾳ
775 3643 979 3727 διέφθειραν)
1008 3646 1164 3709 ἐνέδωκαν
1196 3649 1308 3723 αάτοῖς

207 3757 476 3838 ἀνακτησαμένοις
499 3749 557 3836 τήν
581 3744 676 3835 ήτταν
696 3753 750 3813 καί
765 3750 940 3832 βαρβάρων
960 3754 1082 3836 πλῆθος
1104 3759 1309 3838 συναγαγοῦ-

206 3888 258 3929 στν
280 3855 380 3936 αὖθις
408 3861 604 3942 ἀξιομάχους
624 3864 784 3942 γενέσθαι,
828 3858 881 3923 διό
918 3865 1019 3924 ταῦτα
1049 3863 1156 3926 τοίνυν
1183 3866 1310 3944 τοότοις

205 3981 269 4049 τοῖς
290 3971 398 4045 τόποις
427 3968 573 4056 φόλανας
605 3972 809 4052 ἐγκατέστησε
831 3971 1091 4047 Κωνσταντῖνος,
1121 3970 1165 4045 σός
1200 3967 1241 4038 ἀν
1264 3975 1310 4058 μή

205 4078 262 4166 τήν
292 4084 337 4157 είς
362 4083 521 4145 Γαλατίαν
543 4080 709 4162 ἀνειμένην
737 4075 842 4160 ἔχοιεν
862 4075 1011 4159 πάροδον.
1045 4076 1251 4166 ἐγκατέστησε
1275 4085 1312 4149 δὲ

206 4191 262 4255 καί
281 4193 327 4279 τηῖ
344 4190 447 4276 Ῥήνῳ
470 4192 577 4252 πᾶσαν
600 4186 853 4272 ἀοφόλιιαν,’έκ
874 4189 937 4249 τάν
955 4187 1129 4252 Ἰουλιανοῦ
1148 4194 1312 4272 βασιλέως

206 4297 330 4386 χρόνων
353 4299 632 4384 ῥαθυμηθεῖσανέῑ.
676 4298 718 4361 ld.
732 4295 780 4361 vl.
799 4299 827 4360 5.
842 4297 860 4358 ἰ.
875 4296 894 4359 s.
911 4297 940 4360 6.
954 4298 1017 4361 init.
1036 4345 1062 4379 „.
1078 4346 1085 4362 .
1100 4347 1107 4361 .
1121 4298 1227 4367 πάντα
1243 4307 1312 4370 κατ’

114 4547 117 4551 .
132 4517 1337 4575 fiam!
