2918 4914
211 424 341 475 cnr-nr..
365 400 600 475 sorno.119*·
612 410 658 488 tt.
669 404 822 498 idoqq.
839 424 881 472 nn
892 424 1094 475 omrrnrsrs.
1125 400 1236 476 1085*

138 624 236 687 manis
259 623 365 704 ipsave
386 623 472 686 italia
488 622 632 686 constitui
648 630 738 703 atque
753 642 772 687 a
787 622 907 688 colonis
923 624 1092 688 utnumrtis
1107 623 1241 688 deiectat

141 733 287 797 obnoxiis
316 733 463 818 distingui
493 733 652 814 coeperit,
683 750 772 797 nemo
800 735 910 797 titteris
940 735 1072 798 tradidit
1110 751 1241 798 caussae

141 861 231 921 veru,
252 860 307 906 cur
328 844 519 926 gentiliciam
541 843 759 907 condicionem
775 845 980 908 recentiorem
995 862 1084 926 quam
1100 843 1241 923 leticum,

142 969 242 1033 neque
270 953 337 1015 cius
366 954 502 1033 speciem
531 959 602 1017 ente
630 952 821 1017 Constantini
843 954 881 1018 ii.
902 961 1038 1035 tempora
1069 953 1242 1034 ruoneudam

143 1080 213 1125 esse
236 1068 348 1143 putem,
372 1063 439 1127 iere
458 1062 518 1126 hae
540 1067 627 1126 sunt:
650 1062 813 1127 Gentilium
834 1062 866 1124 in
888 1062 926 1126 iis
947 1059 1026 1126 locis
1050 1061 1117 1125 sive
1139 1062 1243 1146 legum

144 1173 212 1236 sive
235 1172 429 1253 scriptorum,
455 1172 506 1254 qui
523 1173 562 1236 de
583 1172 673 1237 Laetis
696 1172 899 1254 antiquissimi
921 1178 992 1236 sunt
1014 1179 1045 1236 et
1069 1173 1100 1234 iu
1122 1170 1244 1235 tertium

141 1288 212 1364 post
228 1280 300 1345 Cirr.
318 1282 516 1346 msaecuium
538 1283 741 1364 adscendunt,
764 1282 847 1346 nulia
871 1283 985 1346 mentio
1011 1284 1091 1345 iacta
1115 1288 1161 1346 est
1169 1305 1179 1360 3
1201 1281 1246 1344 iili

144 1409 207 1454 nou
228 1392 289 1454 nisi
308 1409 364 1473 per
388 1391 515 1456 aiteram
538 1392 638 1474 quarti
663 1391 780 1457 saecuti
802 1399 919 1474 partem
942 1392 1109 1455 memorari
1131 1408 1247 1472 coepe-

143 1509 232 1580 runt,
256 1509 342 1580 (nam
369 1502 451 1584 quod
476 1501 589 1585 legitur
617 1501 648 1564 in
671 1500 863 1565 Constantini
886 1501 1103 1565 constitutione
1126 1519 1153 1562 a.
1172 1500 1244 1564 313.

145 1612 268 1692 emissa,
292 1611 473 1696 fragmentis
493 1611 660 1691 Vaticanis,
684 1630 763 1694 quae
786 1611 940 1691 dicuntur,
962 1620 992 1688 §-
1008 1611 1248 1676 311011355-

144 1727 234 1799 vata,
257 1720 389 1802 „ouium
412 1740 452 1784 ex
477 1720 645 1804 gentilibus
675 1720 804 1785 liberum
827 1720 993 1801 adprobari
1023 1720 1125 1798 iicet“,
1154 1717 1249 1811 idad

150 1829 303 1911 mancipia
326 1849 364 1893 ex
387 1830 526 1894 barbaris
550 1829 657 1895 liberis
680 1831 761 1894 iacta
782 1831 928 1911 pertinet)
951 1835 981 1892 et
1004 1828 1128 1890 omnino
1151 1825 1251 1889 inire·

148 1957 244 2020 quens
271 1957 377 2003 eorum
394 1941 507 2003 mentio
533 1945 598 2020 est,
622 1939 759 2020 quemvis
784 1938 823 2002 de
845 1938 991 2001 Sarmatis
1015 1936 1135 2001 colonis
1157 1936 1250 1999 etiam

146 2057 179 2117 in
205 2051 416 2117 occidentales
442 2051 619 2132 provincias
634 2055 659 2093 ¹⁰
680 2050 753 2114 iude
775 2066 793 2111 a
815 2049 1066 2115 Marcomannico
1089 2047 1170 2112 helio
1196 2064 1251 2109 us-

148 2180 207 2245 que
230 2162 269 2227 ad
303 2159 506 2224 occidentalis
530 2160 650 2241 imperii
676 2160 798 2222 ruinam
820 2159 968 2222 traductis
1000 2158 1085 2221 multi
1111 2164 1251 2220 vetorum

148 2275 332 2354 scriptorum
360 2271 423 2334 loci
447 2275 570 2334 exstent
583 2275 619 2331 2⁰.
663 2269 703 2334 ad
725 2270 879 2333 Sarmatas
904 2269 1041 2332 Gentiies
1064 2268 1115 2349 qui
1136 2266 1251 2332 Notitia

149 2389 367 2461 memorantur,
389 2386 554 2462 sequentes
578 2379 667 2444 iocos
690 2379 859 2444 trahendos
885 2397 956 2443 esse
979 2397 1019 2442 ne
1042 2384 1158 2441 certum
1180 2375 1253 2457 qui-

151 2493 221 2557 dem
245 2491 308 2555 dici
329 2496 445 2572 potest:

254 2823 290 2890 ¹⁹)
310 2821 376 2873 Nam
396 2820 519 2874 consulto
538 2820 563 2873 ir.
578 2821 596 2872 1.
606 2821 640 2874 ds
658 2820 692 2873 iis
716 2822 761 2890 qui
780 2822 878 2888 passim
896 2821 923 2872 in
943 2819 1087 2872 orientales
1105 2819 1256 2886 prouincias

151 2918 254 2987 recepti
279 2925 339 2969 sunt
358 2918 528 2970 barbarorum
546 2918 701 2988 ingentibus
720 2919 846 2983 numeris,
865 2916 941 2985 plura
960 2917 1042 2969 verba
1060 2931 1113 2968 non
1133 2915 1255 2980 iacimus,

152 3015 200 3067 sed
223 3030 303 3066 nuum
318 3015 416 3068 Zosimi
436 3016 471 3068 de
495 3017 577 3067 i'robo
598 3018 660 3084 imp.
674 3015 808 3085 loquentis
827 3015 915 3067 iocum
934 3014 952 3066 1.
964 3016 1006 3067 71.
1020 3015 1179 3080 repetimus:
1197 3017 1257 3067 Bo*

152 3110 281 3184 οτάρνοτς
300 3109 345 3177 δέ,
366 3107 513 3168 Σκυθικὸν
537 3116 636 3178 ἔθνος,
656 3115 855 3173 ὑποπεσόντας
880 3111 956 3184 αὐτῷ
977 3117 1148 3184 ττροςέμενος
1164 3110 1257 3180 κατῴ-

151 3224 215 3264 κισε
234 3208 371 3280 Θρᾳκίοις
386 3214 512 3281 χωρίοις·
536 3215 584 3264 καὶ
603 3209 762 3266 διετέλεσαν
781 3220 840 3270 τοῖς
853 3208 1002 3282 Ῥωμαίων
1021 3210 1257 3279 βιοτεύοντεςνό·

151 3322 226 3377 μοις.
246 3310 295 3360 τοὶ
308 3305 455 3379 ¹t>oaiyams¹
476 3309 513 3378 τῷ
530 3307 869 3377 βοστλεῐττροςελθὸντων
890 3311 940 3359 καὶ
959 3308 1101 3375 τυχόντων
1121 3304 1258 3370 οἰκήσεως

150 3403 240 3476 μοῖρά
260 3423 301 3464 τις
319 3397 568 3471 ἀποστᾶσαωτῆν
583 3403 703 3458 ‘sutona
723 3407 913 3473 συνετάραξεν
932 3405 987 3459 sni.
1116 3408 1154 3470 ²0)
1175 3401 1208 3454 Ut
1225 3400 1259 3454 de

154 3500 358 3569 Marcomannis,
382 3503 526 3573 Iazugibus
548 3502 663 3572 aliisque
681 3502 798 3554 barlrnris
823 3518 837 3554 s
859 3503 891 3554 11.
907 3502 1018 3554 Aurelio
1035 3504 1098 3569 imp.
1112 3503 1140 3552 in
1156 3500 1259 3553 italiam

153 3600 279 3653 traductis
295 3600 473 3668 Capitoliniu
493 3603 551 3654 eius
564 3603 610 3654 vit.
624 3618 646 3653 e.
657 3603 712 3666 22,
730 3600 781 3651 uio
792 3598 965 3652 candidii.
981 3599 1085 3664 tt.t9.;
1105 3598 1138 3651 de
1149 3597 1260 3665 „Carpis

155 3704 181 3748 et
200 3698 335 3751 Basternis
353 3700 477 3764 subactis,
497 3699 621 3751 Sarmatis
642 3699 729 3762 uictis,
749 3712 857 3766 quarum
877 3699 1013 3749 nationum
1029 3698 1155 3766 ingentes
1172 3699 1261 3765 capti.

154 3810 246 3848 vorum
266 3798 357 3863 copias
379 3798 405 3847 iu
425 3797 549 3849 Romanis
571 3796 667 3848 finibus
688 3797 858 3847 locnt¹erunt“
877 3795 1061 3848 Diocletianus
1080 3803 1106 3848 et
1122 3796 1261 3849 Maximin-

156 3906 205 3942 nus
223 3907 246 3944 a.
256 3891 328 3959 295„
347 3892 456 3960 Eutrop.
469 3892 511 3944 tx.
526 3894 566 3943 15.
580 3894 595 3942 i.
605 3892 634 3956 1.,
652 3893 759 3944 iiieron.
770 3891 866 3944 Cimon.
876 3892 908 3943 sd
926 3909 987 3945 eum
1006 3909 1113 3959 annum,
1136 3894 1260 3961 amiton-

159 3986 219 4040 rsii.
231 3987 253 4040 1.
272 4004 297 4056 p.
308 3987 381 4053 486„
401 3986 475 4041 Oros.
488 3987 544 4041 vtt.
557 3988 600 4040 25.
619 3988 791 4040 ci.Ammian.
804 3987 923 4041 XXViii.
937 3993 960 4053 t,
976 3991 1011 4055 5.,
1031 4007 1064 4042 ne
1089 3990 1122 4042 ad
1141 3992 1262 4058 quintum

153 4084 305 4152 saeculum,
334 4086 382 4138 sed
401 4086 486 4138 solnm
509 4087 541 4138 ad
562 4093 681 4152 tempora
706 4085 756 4137 irae
779 4084 879 4138 itotitia
903 4087 1052 4156 antiquiora
1079 4089 1261 4155 respiciamus.

157 4183 220 4236 Loci
241 4183 276 4235 de
293 4182 504 4235 traductionibus
525 4196 615 4235 eornm
637 4182 822 4245 Sarmatarum,
841 4198 874 4234 ex
893 4183 988 4252 quibus
1001 4198 1148 4252 quorumve
1168 4191 1261 4251 poste-

155 4280 193 4331 ris
212 4278 261 4332 hos
279 4279 305 4334 d.
319 4294 344 4348 q.
357 4294 382 4334 a.
399 4278 519 4332 Gentiles
543 4279 628 4333 iactos
648 4278 751 4347 opinari
779 4279 926 4346 possimus,
951 4280 1041 4349 pauiio
1070 4289 1130 4351 post
1148 4280 1263 4334 exhibe-

154 4377 261 4433 tutan

1292 311 1314 380 1
