2918 4914
93 252 1293 302 Qu·

310 411 438 466 ose-xc.
464 416 506 464 su
528 394 710 466 rso.119*.
725 388 913 480 ll·23·‘-‘4·
931 417 971 464 os
992 417 1100 467 ussus.
1137 393 1248 473 1079·

148 614 192 694 ,is
217 616 298 678 enim
322 616 534 716 praefecturae
556 633 702 679 numerus
727 617 926 681 Constantino
950 617 1059 699 Porph.
1075 619 1107 680 in
1130 606 1250 680 thema·
1306 628 1311 723 p

152 724 235 804 tib.“,
259 732 290 787 ut
310 724 488 791 Pancirolus
517 726 609 791 etiam
632 733 782 791 annotare
804 728 933 791 solebat.
963 744 1041 809 quae
1061 728 1100 791 de
1121 726 1251 818 singulis

150 833 300 898 Laelorum
323 837 504 900 stationibus
526 837 665 918 protulit,
688 855 745 901 suo
770 837 905 919 quidque
927 838 998 901 loco
1022 835 1249 918 respiciendum

152 945 220 1008 erit.
265 946 333 1009 lt'on
357 949 431 1011 tanti
450 948 597 1012 momenti
615 947 705 1010 uobis
729 948 853 1010 luerunt
873 964 974 1030 neque
995 948 1072 1011 alius
1093 945 1251 1009 societatis

148 1055 218 1119 lesu
254 1058 470 1122 commilitonis
502 1058 540 1121 de
572 1057 701 1122 historia
734 1058 996 1141 typographiaque
1011 1056 1149 1139 'Belgica
1179 1056 1251 1118 item

150 1163 230 1228 bene
252 1167 364 1245 meriti,
385 1166 567 1231 Wastelanii
582 1173 631 1247 ¹²²,
654 1184 754 1248 neque
765 1167 861 1231 Bastii
881 1165 1094 1230 commentarii
1109 1164 1147 1228 de
1160 1163 1272 1249 Flan-¹

152 1273 238 1338 driae
262 1275 490 1357 antiquitatibus
508 1280 558 1338 ¹²³.
602 1275 738 1339 Fusioris
762 1274 801 1339 de
822 1277 910 1340 Laetis
933 1275 1093 1357 llaepsaeti
1114 1274 1253 1355 disputa-

154 1383 244 1448 tionis
261 1389 299 1428 Μ’*
322 1385 399 1450 baec
422 1387 488 1450 lere
512 1403 629 1449 summa
651 1392 715 1449 est:
747 1385 921 1448 limitaneos
944 1385 1072 1464 milites,
1096 1383 1252 1465 oppositos

149 1495 361 1574 praesidiariis
385 1497 451 1559 sire
477 1494 747 1574 comitatensibus,
773 1496 853 1559 bello
877 1502 983 1576 captos
1006 1493 1119 1574 luisse,
1143 1492 1252 1575 quibus

149 1602 290 1668 barbaris
312 1606 442 1669 Romani
466 1613 564 1670 terras
590 1607 620 1668 in
643 1606 750 1669 Galliis
774 1605 921 1670 colendas
946 1604 1170 1690 assignassent,
1193 1603 1252 1665 mi-

149 1713 281 1797 litesque
302 1717 468 1796 Romanos,
491 1717 635 1800 Belgicus
659 1716 865 1797 Gallicosque,
890 1733 966 1796 quos
989 1733 1109 1796 poenae
1129 1714 1253 1776 nomine

153 1825 232 1888 inter
252 1827 353 1890 Laetos
376 1827 591 1911 redegissen13
612 1826 785 1890 limitaneos
808 1826 889 1888 enirn
909 1825 1021 1887 milites
1043 1824 1099 1887 sub
1121 1824 1252 1905 propriis

149 1936 317 2017 praelectis
342 1955 404 2000 uorr
429 1937 527 2000 solum
550 1936 595 2000 rei
618 1937 759 2016 militari,
779 1936 835 1999 sed
858 1936 943 2018 agris
969 1952 1090 2016 quoque
1120 1935 1252 1998 desertis

148 2046 298 2125 colendis,
321 2055 353 2109 ut
367 2048 573 2128 provinciales
597 2065 652 2111 cos
672 2047 874 2125 imitarentur,
899 2046 1069 2109 destinatos
1088 2045 1186 2108 luisse
1201 2048 1250 2106 ¹²⁵.

147 2156 184 2219 Et
206 2156 307 2238 paullo
341 2164 410 2238 post
434 2159 473 2200 ¹²⁶
495 2158 612 2221 reiecta
643 2156 779 2219 lectorum
811 2156 952 2219 vocabuli
983 2175 1000 2218 a
1032 2155 1147 2219 laetitia
1176 2162 1205 2218 et
1233 2176 1251 2220 a

150 2266 335 2329 Germanico
366 2267 442 2347 tedip
467 2267 669 2346 deductione,
695 2267 761 2347 ipse
788 2288 804 2330 a
827 2266 951 2329 nomine
972 2264 1038 2327 toits'
1063 2265 1171 2328 venire
1192 2283 1251 2346 pu·

148 2381 192 2440 tat
205 2380 254 2438 ¹²⁷.
286 2384 346 2439 tum
370 2376 452 2458 quod
476 2376 515 2439 de
535 2376 631 2439 tribus
653 2375 784 2455 caussis,
807 2396 846 2439 ex
866 2375 975 2457 quibus
997 2375 1171 2438 limitaneac
1193 2374 1252 2437 rni-

150 2485 235 2551 litiae
258 2488 398 2549 homines
420 2485 681 2565 adscriberentur,
707 2485 807 2566 paullo
831 2491 901 2548 ante
922 2491 1100 2564 monuerat,
1122 2484 1161 2547 de
1182 2486 1253 2547 Lae-

150 2600 189 2660 tis
220 2597 348 2679 repetit,
380 2602 470 2677 atque
502 2596 562 2657 hoc
597 2613 710 2659 nomen
740 2597 845 2671 (taetus
869 2602 899 2659 et
922 2595 1008 2672 litos)
1037 2595 1251 2659 Germanicum

150 2707 332 2771 vocabulum
365 2705 425 2767 leid
454 2724 524 2770 esse
550 2705 694 2770 allirmat:
726 2707 826 2770 Lartos
855 2706 1008 2788 hodieque
1040 2725 1097 2787 per
1129 2724 1250 2788 ornnem

253 2928 297 2991 ¹²²)
317 2925 484 2995 Description
504 2927 534 2978 de
554 2925 582 2977 la
604 2926 689 2980 Goole
701 2927 910 2997 Belqiqse...por
921 2925 1011 2978 Citari.
1021 2923 1170 2977 Wosteloie.
1184 2924 1250 2978 sote

149 3019 224 3074 ¹76¹.
234 3021 272 3074 4⁰.
351 3025 396 3092 Ψ)
416 3022 525 3074 liecueil
536 3023 701 3092 dootiqoite's
717 3041 782 3075 rom.
794 3033 818 3075 st
834 3022 905 3093 pout.
917 3025 1033 3074 trossees
1045 3022 1111 3073 dans
1123 3021 1151 3072 lo
1161 3021 1249 3072 Flan-

144 3115 199 3168 dee.
213 3118 254 3169 ed.
263 3132 326 3168 nov.
337 3117 418 3170 Gaud.
428 3118 504 3171 1804.
512 3123 552 3170 4⁰.
625 3123 670 3189 ¹²⁸)
684 3119 767 3182 Quem
779 3117 1014 3188 L.A.Warnlsdnig
1023 3116 1137 3169 Flandr.
1145 3117 1249 3168 Stacta-

143 3228 168 3265 ιι
180 3214 365 3282 lteclttsqeeelt.
374 3214 486 3282 Tubinq.
497 3215 573 3268 1835.
583 3215 621 3268 8⁰.
635 3215 653 3267 l.
664 3215 739 3282 p.9l.
751 3223 802 3266 tam
821 3215 965 3285 diligenter
985 3221 1161 3282 accurateque
1180 3212 1250 3265 scri-

141 3315 213 3376 ptam
233 3325 293 3363 esso
315 3310 460 3377 iudicavit,
485 3319 513 3362 ut
540 3311 597 3363 lero
626 3314 733 3362 omniuo
760 3318 929 3379 sequeretur,
959 3326 1027 3379 quaa
1053 3309 1116 3362 mibi
1136 3324 1187 3361 non
1212 3310 1249 3360 its

142 3420 239 3477 magua
258 3410 285 3459 in
304 3409 433 3477 scriptore
453 3408 581 3460 historiae
602 3410 650 3460 iur.
663 3406 795 3460 Flandrici
814 3407 955 3475 diligentia
976 3423 1035 3459 esse
1048 3405 1160 3458 videtur.
1198 3408 1248 3459 Se-

143 3504 257 3556 cundum
277 3505 355 3558 eund.
368 3505 473 3558 Warnk.
484 3506 573 3573 p.9l.‚
598 3505 734 3557 Preciotus
749 3505 788 3557 De
807 3503 879 3557 l'e'tct
898 3505 959 3556 eicit
970 3504 1014 3556 des
1029 3520 1171 3573 personnae
1182 3503 1248 3555 daos

143 3601 180 3652 les
194 3601 301 3653 (duoles
316 3603 393 3656 1786.
403 3620 428 3670 p.
440 3604 511 3666 263,
531 3605 576 3672 qui
598 3602 666 3655 liber
687 3601 751 3654 mibi
773 3602 805 3653 ad
826 3618 919 3653 munus
938 3617 992 3652 uon
1011 3609 1060 3666 est,
1081 3601 1165 3653 Laetos
1182 3601 1248 3653 sta-

140 3699 288 3763 maunlcos,
308 3698 446 3764 Sucvicos,
467 3701 613 3752 Saxonicos
637 3699 822 3767 Sarmatasque
842 3699 1016 3761 enumeravit,
1035 3697 1105 3766 quod
1124 3713 1202 3765 supra
1221 3713 1247 3765 p.

142 3795 236 3849 1060'.
245 3811 285 3863 sq.
299 3810 437 3848 erroneum
450 3813 509 3849 esse
520 3799 693 3849 ostendimus.
751 3800 796 3867 ¹²⁵)
810 3796 942 3861 llaepsaet
955 3793 1067 3846 Oeosres
1083 3793 1247 3864 111.p.79.sq.

143 3894 187 3963 ¹²⁶)
208 3892 270 3945 ibid.
284 3894 427 3963 p.92.sqq.
536 3901 580 3967 ¹²⁷)
603 3894 653 3946 loc.
666 3895 747 3959 cit.‚,.
760 3893 818 3945 .s’e'l
834 3891 924 3960 [attan
942 3892 1098 3944 determines
1117 3892 1145 3943 la
1162 3893 1246 3961 siqni-

137 3990 247 4057 ficotion
268 3990 301 4043 do
324 4001 375 4045 mot
396 3991 459 4043 Laeti
479 4011 530 4063 por
549 3995 577 4044 to
595 3995 651 4045 soie
670 3992 746 4044 done
766 3990 932 4059 e'tpmolopie,
953 3989 1123 4058 ilsoodroit,
1144 3990 1246 4059 o'opres

139 4087 320 4160 lortoproplts
340 4091 467 4153 samaiae,
486 4088 513 4141 ia
529 4091 601 4159 faire
619 4091 721 4142 derives
742 4089 776 4140 do
791 4097 842 4141 mot
860 4088 943 4152 Laiti,
961 4103 1044 4156 poree
1062 4104 1110 4156 que
1133 4087 1170 4139 les
1188 4088 1245 4139 llo.

143 4189 229 4240 mins
248 4186 323 4240 n'ont
339 4204 388 4258 pos
407 4204 493 4240 eones
511 4186 548 4238 les
569 4187 755 4258 diphtbonpoes
773 4196 796 4238 et
814 4185 954 4239 rendoieat
961 4195 1036 4239 notre
1055 4201 1077 4237 ι·
1091 4202 1143 4256 por·
1160 4187 1195 4251 ai,
1214 4203 1246 4237 en

139 4285 372 4339 emensitatem
397 4301 465 4355 poor
483 4282 590 4349 Cesar,
616 4285 716 4337 blensai
740 4301 808 4353 pour
826 4283 924 4337 llleusre
945 4293 970 4338 et
987 4292 1153 4355 prononcont
1182 4291 1245 4335 cette

139 4382 296 4456 dipltoopoe
317 4381 467 4437 commetes
486 4381 511 4435 F
514 4380 635 4436 lamando
649 4390 812 4454 proaoecent
831 4381 897 4452 l'p“.

93 4570 1293 4641 ‘ww'
