2918 4914
91 235 1324 364 ·—---—-—---=-†——=-—===›p

353 398 489 449 crum.
507 399 548 451 to
574 375 1041 475 rro.121*.tt.26...28.sq.
1135 378 1249 454 1137*

139 602 174 665 it.
186 600 257 663 Ant.
272 599 382 664 itinero
400 599 439 662 ad
453 600 497 675 bl.
512 598 571 678 18,
595 599 715 662 tertium
742 605 771 662 et
793 618 832 663 ex
851 598 924 662 lab.
936 600 1018 663 Peut.
1028 600 1066 683 ad
1082 603 1127 678 bb.
1140 605 1190 668 90.
1200 622 1248 689 sq.

138 711 270 793 repetita
294 717 376 775 sunt.
408 709 582 774 Saliunoam
597 709 772 791 Eporediae
786 711 874 775 nasei
886 716 1007 789 „tantae
1029 713 1199 794 suavitatis,
1215 721 1249 781 ut

141 820 296 885 metallum
320 839 391 884 esse
415 820 491 898 [ie.
509 838 572 919 pro³
588 821 719 882 nummis
742 820 859 902 valere]
882 822 1050 903 coeperit“‚
1072 822 1145 886 Plin.
1158 824 1195 887 H.
1208 826 1245 889 N.

139 930 220 997 XXl.
231 932 261 994 7.
274 936 351 993 sect.
365 932 416 992 91.
429 936 563 994 enarrat.
587 929 667 992 Vide
677 930 798 994 Cluver.
812 929 835 991 1.
852 929 899 993 13.
912 948 941 1011 p.
953 928 1002 994 96.
1017 950 1077 1013 sp,
1101 933 1212 998 cellar.
1222 935 1245 999 l.

138 1061 168 1126 p.
181 1043 252 1105 599.
266 1040 368 1120 5450,
390 1039 599 1104 ltlannert.lX.
618 1043 643 1103 1.
657 1059 685 1122 p.
703 1041 771 1103 185.
782 1057 827 1121 sq.

222 1190 264 1202 -
279 1152 324 1228 tl.
335 1150 385 1214 98.
396 1160 457 1232 sp]
473 1149 609 1232 'Patienti
627 1143 668 1232 P,
690 1149 856 1213 Pollentiae
872 1145 1031 1240 blitumst.
1055 1154 1142 1217 Hunc
1153 1171 1248 1234 prae.

138 1263 252 1327 lectum
275 1263 308 1324 in
331 1261 456 1345 Liguria
479 1261 658 1326 sedentibus
672 1262 842 1327 Gentilibus
866 1263 1038 1344 praefuisse
1059 1262 1246 1329 Pollentiae-

139 1391 198 1454 que
221 1371 329 1436 sedem
352 1371 514 1451 babuisse,
539 1374 672 1437 fortasse
695 1393 735 1436 ex
764 1375 822 1436 bac
852 1375 1017 1438 verborum
1040 1374 1246 1441 collocatione

138 1483 250 1566 aliquis
274 1483 457 1564 opinabitur,
476 1483 533 1546 sed
555 1483 741 1565 reliquarum
761 1485 906 1570 Liguriae
926 1485 1092 1549 civitatium
1113 1505 1247 1569 praece-

141 1595 219 1658 dens
242 1592 433 1656 enumeratio
458 1599 565 1657 contra
591 1593 716 1673 probat,
739 1594 889 1677 locusque
914 1597 1161 1677 interpretandus
1187 1604 1245 1677 est,

138 1722 176 1769 ao
198 1702 226 1766 si
248 1701 395 1783 scriptum
417 1709 553 1791 exstaret
581 1700 749 1766 Pollentiae
776 1704 809 1765 in
830 1703 973 1785 imperim
1002 1723 1071 1769 nam
1102 1705 1183 1786 alia,
1206 1725 1248 1770 ne

141 1813 180 1876 de
202 1812 241 1875 iis
263 1830 341 1894 quae
364 1819 449 1876 extra
475 1812 591 1876 ltaliam
610 1814 731 1876 luerunt
751 1815 863 1894 dicum,
889 1815 919 1876 in
936 1814 1048 1878 Piceno
1065 1815 1132 1896 luit,
1154 1815 1247 1881 ideo-

140 1942 199 2007 que
225 1925 316 1988 etiam
348 1941 416 1986 curn
439 1923 598 1987 Harduino
627 1932 735 1988 eontra
760 1925 893 2003 clover„
914 1926 1077 2006 blandem,
1098 1926 1245 2007 Spruner.

140 2035 281 2117 aliosque
303 2053 350 2116 ap.
368 2035 442 2097 Plin.
455 2052 546 2114 supra
563 2033 600 2098 ad
614 2037 699 2111 tto.
711 2054 758 2117 sq.
770 2043 901 2103 transcr.
914 2036 1078 2118 „Pollentia
1099 2037 1245 2118 Carrea“,

139 2152 197 2227 pro
214 2145 326 2208 eodem
349 2162 412 2206 non
432 2142 610 2223 „Pollentia
632 2124 766 2208 'Carnem‘
787 2163 844 2226 pro
859 2146 978 2208 duobus
1000 2145 1121 2227 oppidis
1145 2164 1244 2226 sumo,

140 2253 280 2335 quamvis
303 2252 425 2315 Correo
447 2253 581 2317 sortasse
605 2261 749 2336 corrupta
763 2255 934 2334 [Graecei]
951 2273 1013 2319 vox
1028 2272 1091 2318 non
1110 2255 1167 2334 sit;
1190 2275 1247 2320 ea·

139 2365 269 2447 (lemque
288 2364 349 2427 alio
372 2364 452 2428 idem
472 2364 658 2446 significanti
682 2365 834 2429 vocabulo
858 2366 951 2428 etiam
963 2363 1101 2429 Potentia
1122 2382 1245 2448 cogno-

139 2478 252 2539 minata
266 2480 322 2539 est.
353 2474 531 2538 Pollentiam
544 2481 694 2538 memorat
715 2475 779 2539 Cio.
792 2475 918 2557 Philipp.
927 2475 978 2541 Xi.
991 2475 1033 2556 6.,
1047 2475 1086 2541 ad
1097 2475 1179 2538 Fam.
1189 2476 1242 2541 Xl.

142 2586 191 2649 13.
209 2584 249 2648 de
277 2584 370 2648 rebus
399 2584 463 2648 suis
484 2584 667 2648 militaribus
690 2590 799 2648 eontra
821 2585 987 2652 Antonium
1010 2585 1052 2648 ibi
1075 2585 1190 2667 gestis,
1217 2591 1249 2650 et

140 2696 224 2760 Suet.
235 2695 267 2757 ln
281 2694 346 2757 Tib.
358 2695 557 2775 37.enarrat,
582 2714 669 2775 „cum
686 2694 855 2759 Pollentina
875 2695 962 2776 plebs
983 2695 1074 2761 lunus
1088 2695 1248 2763 oubrsdam

139 2804 334 2887 primipilaris
358 2822 421 2868 non
452 2806 535 2887 prius
557 2826 597 2870 ex
619 2806 688 2869 loro
712 2805 866 2887 misisset,
891 2824 981 2887 quam
1008 2811 1128 2871 extorta
1150 2823 1249 2887 pecu-

142 2915 193 2978 nin
215 2915 354 2996 pervim
379 2915 546 2979 heredibus
571 2915 609 2978 ad
634 2915 851 3000 gladiatorium
880 2923 1019 2995 munus“,
1042 2915 1126 2979 illum
1148 2916 1250 2998 impe-

139 3030 276 3088 ratorem
306 3024 465 3089 cohortem
492 3025 531 3088 ab
560 3023 636 3087 urbe
667 3032 696 3088 et
722 3025 852 3089 aliamo
881 3026 974 3089 Cottii
1001 3043 1099 3108 regno
1122 3043 1178 3106 per
1200 3025 1251 3089 di-

141 3153 251 3201 versas
268 3140 374 3216 portas
390 3134 422 3196 in
436 3133 580 3214 oppidum
603 3134 768 3198 immisisse
784 3154 821 3199 ac
841 3142 958 3216 pentem
975 3136 1125 3199 maiorem
1146 3135 1249 3216 plebei

140 3265 178 3312 ac
202 3245 403 3311 decurionum
429 3244 460 3305 in
492 3249 638 3324 perpetua
661 3244 784 3309 vincula
806 3245 991 3309 coniecisse.
1019 3244 1102 3310 unde
1125 3244 1249 3328 colligi·

144 3363 192 3420 tur
213 3354 410 3437 municipium
434 3371 472 3417 eo
495 3358 635 3436 temporo
659 3353 757 3417 luisse
777 3353 965 3418 Pollentiam.
1008 3354 1136 3437 Propter
1148 3353 1249 3419 lanam

139 3466 294 3533 celebrem
319 3465 416 3529 luisse
440 3464 554 3527 docent
576 3462 741 3529 Silltolad
755 3465 782 3540 i.
793 3465 823 3526 5.
833 3469 977 3544 transon,
1000 3463 1075 3527 Plin.
1085 3464 1121 3528 Η.
1131 3465 1246 3530 N.Vlll.

138 3577 190 3643 48.
205 3583 282 3642 sect.
296 3575 360 3657 63,
385 3573 554 3639 Columella
574 3575 613 3638 de
629 3592 664 3637 re
675 3575 831 3638 rosnvltl.
844 3576 885 3654 9.,
907 3575 962 3639 sed

347 3703 421 3771 „lion
441 3710 541 3755 tantum
557 3702 636 3770 pullo
657 3702 782 3771 lugentes
803 3702 906 3757 vellere
926 3702 1010 3768 lanu,

338 3801 391 3853 Sed
409 3799 480 3852 solet
500 3806 527 3851 et
547 3798 646 3851 calices
665 3799 734 3852 baec
752 3799 814 3853 dare
835 3806 905 3852 term
923 3807 1001 3853 auttst

141 3903 647 3987 Martial.Xllll.157.praedicat.
671 3906 711 3969 oi.
722 3905 843 3970 Plinii.
853 3904 889 3968 Ν.
906 3905 1029 3970 XXXV.
1041 3905 1089 3968 19.
1107 3910 1184 3968 sect.
1195 3904 1247 3970 46.
1366 3954 1370 3963 .

139 4016 325 4078 Πολεντιάν
348 4015 421 4078 Ptol.
435 4016 485 4078 lll.
499 4019 525 4078 1.
539 4016 620 4079 inter
632 4019 815 4098 Alyoopt'oc
827 4013 1035 4099 ὑποκειμένης
1060 4021 1124 4089 τοῖς
1137 4013 1248 4079 Ἀπεν-

139 4126 236 4196 νίνοις
259 4115 369 4203 ὄρεσιν
390 4127 579 4204 μεσογείους
599 4120 707 4202 πόλεις
729 4125 832 4188 habet,
856 4125 1083 4189 lt.Ant.locllm
1104 4142 1167 4188 non
1189 4122 1249 4188 ha-

142 4233 209 4313 bet;
232 4233 372 4296 Polemio
395 4240 443 4296 est
465 4235 496 4296 in
519 4234 734 4299 TabPeutad
756 4237 802 4313 bl.
818 4233 865 4299 14.
879 4254 924 4318 sq.
941 4237 1010 4303 exn.
1023 4244 1054 4301 et
1076 4258 1246 4303 nocemur

138 4350 186 4407 ost
209 4345 300 4408 etiam
323 4346 353 4408 in
383 4346 477 4408 inser.
495 4345 617 4421 Tauria.
635 4346 1139 4430 ap.,Grut.,925‚1.sed⁴candem
1161 4347 1243 4412 Maii.

1298 4490 1320 4555 1
