<?xml version="1.0" encoding="UTF-8"?>
<!DOCTYPE html PUBLIC "-//W3C//DTD XHTML 1.0 Transitional//EN"
    "http://www.w3.org/TR/xhtml1/DTD/xhtml1-transitional.dtd">
<html xmlns="http://www.w3.org/1999/xhtml" xml:lang="en" lang="en">
 <head>
  <title>
</title>
<meta http-equiv="Content-Type" content="text/html;charset=utf-8" />
  <meta name='ocr-system' content='tesseract 3.04.00' />
  <meta name='ocr-capabilities' content='ocr_page ocr_carea ocr_par ocr_line ocrx_word'/>
</head>
<body>
  <div class='ocr_page' id='page_1' title='image "./notitiadignitat01bcgoog_0089.png"; bbox 0 0 2918 4914; ppageno 0'>
   <div class='ocr_carea' id='block_1_1' title="bbox 136 402 142 1190">
    <p class='ocr_par' dir='ltr' id='par_1_1' title="bbox 136 402 142 1190">
     <span class='ocr_line' id='line_1_1' title="bbox 136 402 142 1190; baseline 0 0"><span class='ocrx_word' id='word_1_1' title='bbox 136 402 142 1190; x_wconf 95' lang='lat' dir='ltr'> </span> 
     </span>
    </p>
   </div>
   <div class='ocr_carea' id='block_1_2' title="bbox 205 388 1372 494">
    <p class='ocr_par' dir='ltr' id='par_1_2' title="bbox 205 388 1372 494">
     <span class='ocr_line' id='line_1_2' title="bbox 205 388 1372 494; baseline -0.002 -33"><span class='ocrx_word' id='word_1_2' title='bbox 205 388 297 461; x_wconf 63' lang='grc' dir='ltr'>609)ε</span> <span class='ocrx_word' id='word_1_3' title='bbox 323 410 491 460; x_wconf 73' lang='lat' dir='ltr'>ennean&gt;</span> <span class='ocrx_word' id='word_1_4' title='bbox 503 411 578 458; x_wconf 87' lang='lat' dir='ltr'>nor.</span> <span class='ocrx_word' id='word_1_5' title='bbox 592 409 663 457; x_wconf 85' lang='lat' dir='ltr'>oea.</span> <span class='ocrx_word' id='word_1_6' title='bbox 677 409 847 457; x_wconf 59' lang='lat' dir='ltr'>curnam.</span> <span class='ocrx_word' id='word_1_7' title='bbox 866 409 979 459; x_wconf 77' lang='lat' dir='ltr'>ornrr</span> <span class='ocrx_word' id='word_1_8' title='bbox 992 408 1295 460; x_wconf 75' lang='lat' dir='ltr'>amasesurnrrnr.</span> <span class='ocrx_word' id='word_1_9' title='bbox 1370 458 1372 494; x_wconf 66' lang='lat' dir='ltr'>a</span> 
     </span>
    </p>
   </div>
   <div class='ocr_carea' id='block_1_3' title="bbox 115 560 1371 4437">
    <p class='ocr_par' dir='ltr' id='par_1_3' title="bbox 199 560 1371 2340">
     <span class='ocr_line' id='line_1_3' title="bbox 204 560 1371 689; baseline 0.002 -20"><span class='ocrx_word' id='word_1_10' title='bbox 204 614 288 688; x_wconf 86' lang='lat' dir='ltr'>tono,</span> <span class='ocrx_word' id='word_1_11' title='bbox 312 610 470 686; x_wconf 78' lang='lat' dir='ltr'><strong>adscribit,</strong></span> <span class='ocrx_word' id='word_1_12' title='bbox 497 609 627 671; x_wconf 86' lang='lat' dir='ltr'>maxime</span> <span class='ocrx_word' id='word_1_13' title='bbox 650 614 775 689; x_wconf 91' lang='lat' dir='ltr'>propter</span> <span class='ocrx_word' id='word_1_14' title='bbox 796 608 870 670; x_wconf 85' lang='lat' dir='ltr'>Aur.</span> <span class='ocrx_word' id='word_1_15' title='bbox 882 609 1015 671; x_wconf 84' lang='lat' dir='ltr'>Victoris</span> <span class='ocrx_word' id='word_1_16' title='bbox 1025 608 1150 683; x_wconf 79' lang='lat' dir='ltr'>(caess.</span> <span class='ocrx_word' id='word_1_17' title='bbox 1162 626 1229 689; x_wconf 86' lang='lat' dir='ltr'>cap.</span> <span class='ocrx_word' id='word_1_18' title='bbox 1240 608 1294 689; x_wconf 75' lang='lat' dir='ltr'>tlt,</span> <span class='ocrx_word' id='word_1_19' title='bbox 1367 560 1371 589; x_wconf 50' lang='lat'><em>¹</em></span> 
     </span>
     <span class='ocr_line' id='line_1_4' title="bbox 201 717 1368 799; baseline -0.001 -18"><span class='ocrx_word' id='word_1_20' title='bbox 201 717 356 781; x_wconf 75' lang='lat' dir='ltr'>biennem..</span> <span class='ocrx_word' id='word_1_21' title='bbox 371 719 475 781; x_wconf 82' lang='lat' dir='ltr'>citarit</span> <span class='ocrx_word' id='word_1_22' title='bbox 491 738 556 799; x_wconf 89' lang='lat' dir='ltr'>cap.</span> <span class='ocrx_word' id='word_1_23' title='bbox 570 717 639 799; x_wconf 77' lang='lat'>41.)</span> <span class='ocrx_word' id='word_1_24' title='bbox 657 719 751 782; x_wconf 88' lang='lat' dir='ltr'>verba</span> <span class='ocrx_word' id='word_1_25' title='bbox 774 736 791 778; x_wconf 92' lang='lat' dir='ltr'>a</span> <span class='ocrx_word' id='word_1_26' title='bbox 811 719 970 781; x_wconf 86' lang='lat' dir='ltr'>blanncrto</span> <span class='ocrx_word' id='word_1_27' title='bbox 993 736 1156 798; x_wconf 89' lang='lat' dir='ltr'>perperam</span> <span class='ocrx_word' id='word_1_28' title='bbox 1177 717 1293 781; x_wconf 88' lang='lat' dir='ltr'>intelle·</span> <span class='ocrx_word' id='word_1_29' title='bbox 1365 722 1368 771; x_wconf 84' lang='grc' dir='ltr'>ἶ</span> 
     </span>
     <span class='ocr_line' id='line_1_5' title="bbox 203 827 1293 911; baseline -0.002 -18"><span class='ocrx_word' id='word_1_30' title='bbox 203 835 261 907; x_wconf 90' lang='lat' dir='ltr'>eta,</span> <span class='ocrx_word' id='word_1_31' title='bbox 287 846 365 911; x_wconf 88' lang='lat' dir='ltr'>quae</span> <span class='ocrx_word' id='word_1_32' title='bbox 387 829 464 892; x_wconf 82' lang='lat' dir='ltr'>liaeo</span> <span class='ocrx_word' id='word_1_33' title='bbox 488 837 574 893; x_wconf 90' lang='lat' dir='ltr'>suut:</span> <span class='ocrx_word' id='word_1_34' title='bbox 598 830 697 908; x_wconf 83' lang='lat' dir='ltr'>,Quin</span> <span class='ocrx_word' id='word_1_35' title='bbox 719 830 809 892; x_wconf 91' lang='lat' dir='ltr'>etiam</span> <span class='ocrx_word' id='word_1_36' title='bbox 832 827 956 909; x_wconf 85' lang='lat' dir='ltr'>Tripoli,</span> <span class='ocrx_word' id='word_1_37' title='bbox 980 828 1065 890; x_wconf 89' lang='lat' dir='ltr'>cuius</span> <span class='ocrx_word' id='word_1_38' title='bbox 1081 829 1168 908; x_wconf 89' lang='lat' dir='ltr'>Lepti</span> <span class='ocrx_word' id='word_1_39' title='bbox 1190 828 1293 909; x_wconf 88' lang='lat' dir='ltr'>oppido</span> 
     </span>
     <span class='ocr_line' id='line_1_6' title="bbox 202 935 1293 1019; baseline 0.001 -19"><span class='ocrx_word' id='word_1_40' title='bbox 202 938 368 1015; x_wconf 73' lang='lat' dir='ltr'>oriebatur,</span> <span class='ocrx_word' id='word_1_41' title='bbox 390 938 559 1001; x_wconf 77' lang='lat' dir='ltr'>bellicosae</span> <span class='ocrx_word' id='word_1_42' title='bbox 580 945 690 1019; x_wconf 79' lang='lat' dir='ltr'>gentes</span> <span class='ocrx_word' id='word_1_43' title='bbox 712 938 872 1000; x_wconf 74' lang='lat' dir='ltr'><strong>submotae</strong></span> <span class='ocrx_word' id='word_1_44' title='bbox 894 935 1011 1018; x_wconf 74' lang='lat' dir='ltr'>procul,</span> <span class='ocrx_word' id='word_1_45' title='bbox 1044 954 1122 1017; x_wconf 84' lang='lat' dir='ltr'>quae</span> <span class='ocrx_word' id='word_1_46' title='bbox 1145 937 1228 1000; x_wconf 85' lang='lat' dir='ltr'>lacto</span> <span class='ocrx_word' id='word_1_47' title='bbox 1249 955 1293 1001; x_wconf 90' lang='lat' dir='ltr'>ar-</span> 
     </span>
     <span class='ocr_line' id='line_1_7' title="bbox 202 1047 1292 1130; baseline -0.001 -20"><span class='ocrx_word' id='word_1_48' title='bbox 202 1047 261 1111; x_wconf 89' lang='lat' dir='ltr'>dua</span> <span class='ocrx_word' id='word_1_49' title='bbox 285 1049 406 1112; x_wconf 81' lang='lat' dir='ltr'>facilius</span> <span class='ocrx_word' id='word_1_50' title='bbox 429 1068 466 1111; x_wconf 94' lang='lat' dir='ltr'>eo</span> <span class='ocrx_word' id='word_1_51' title='bbox 489 1050 697 1130; x_wconf 89' lang='lat' dir='ltr'>patrabantur,</span> <span class='ocrx_word' id='word_1_52' title='bbox 721 1068 779 1130; x_wconf 92' lang='lat' dir='ltr'>quo</span> <span class='ocrx_word' id='word_1_53' title='bbox 797 1047 997 1129; x_wconf 82' lang='lat' dir='ltr'>implacabilis</span> <span class='ocrx_word' id='word_1_54' title='bbox 1013 1048 1133 1111; x_wconf 86' lang='lat' dir='ltr'>delictis</span> <span class='ocrx_word' id='word_1_55' title='bbox 1147 1054 1292 1112; x_wconf 83' lang='lat' dir='ltr'>strennum</span> 
     </span>
     <span class='ocr_line' id='line_1_8' title="bbox 202 1158 1364 1240; baseline -0.002 -20"><span class='ocrx_word' id='word_1_56' title='bbox 202 1176 351 1240; x_wconf 77' lang='lat' dir='ltr'>quernaque</span> <span class='ocrx_word' id='word_1_57' title='bbox 366 1160 511 1239; x_wconf 87' lang='lat' dir='ltr'>praemiis</span> <span class='ocrx_word' id='word_1_58' title='bbox 535 1161 728 1223; x_wconf 75' lang='lat' dir='ltr'>extollebat“.</span> <span class='ocrx_word' id='word_1_59' title='bbox 772 1158 966 1240; x_wconf 87' lang='lat' dir='ltr'>Tripolitanis</span> <span class='ocrx_word' id='word_1_60' title='bbox 982 1159 1198 1240; x_wconf 79' lang='lat' dir='ltr'>imperatorem</span> <span class='ocrx_word' id='word_1_61' title='bbox 1221 1158 1291 1221; x_wconf 90' lang='lat' dir='ltr'>donn</span> <span class='ocrx_word' id='word_1_62' title='bbox 1361 1212 1364 1227; x_wconf 85' lang='grc'>,</span> 
     </span>
     <span class='ocr_line' id='line_1_9' title="bbox 202 1268 1290 1351; baseline 0 -22"><span class='ocrx_word' id='word_1_63' title='bbox 202 1268 338 1346; x_wconf 77' lang='lat' dir='ltr'>dedisse,</span> <span class='ocrx_word' id='word_1_64' title='bbox 361 1286 424 1331; x_wconf 94' lang='lat' dir='ltr'>non</span> <span class='ocrx_word' id='word_1_65' title='bbox 443 1270 480 1332; x_wconf 92' lang='lat' dir='ltr'>ab</span> <span class='ocrx_word' id='word_1_66' title='bbox 502 1270 614 1333; x_wconf 92' lang='lat' dir='ltr'>iisdem</span> <span class='ocrx_word' id='word_1_67' title='bbox 636 1287 748 1344; x_wconf 87' lang='lat' dir='ltr'>annua,</span> <span class='ocrx_word' id='word_1_68' title='bbox 772 1275 805 1330; x_wconf 92' lang='lat' dir='ltr'>ut</span> <span class='ocrx_word' id='word_1_69' title='bbox 826 1268 942 1351; x_wconf 87' lang='lat' dir='ltr'>gratias</span> <span class='ocrx_word' id='word_1_70' title='bbox 965 1273 1104 1350; x_wconf 85' lang='lat' dir='ltr'>agerent,</span> <span class='ocrx_word' id='word_1_71' title='bbox 1130 1269 1290 1348; x_wconf 87' lang='lat' dir='ltr'>accepisse,</span> 
     </span>
     <span class='ocr_line' id='line_1_10' title="bbox 201 1377 1291 1459; baseline 0 -22"><span class='ocrx_word' id='word_1_72' title='bbox 201 1381 234 1438; x_wconf 91' lang='lat' dir='ltr'>ut</span> <span class='ocrx_word' id='word_1_73' title='bbox 255 1377 430 1441; x_wconf 85' lang='lat' dir='ltr'>lilanncrlus</span> <span class='ocrx_word' id='word_1_74' title='bbox 455 1379 598 1459; x_wconf 79' lang='lat' dir='ltr'>scripsit,</span> <span class='ocrx_word' id='word_1_75' title='bbox 628 1378 718 1441; x_wconf 83' lang='lat' dir='ltr'>etiam</span> <span class='ocrx_word' id='word_1_76' title='bbox 741 1378 919 1458; x_wconf 79' lang='lat' dir='ltr'>Spartianus</span> <span class='ocrx_word' id='word_1_77' title='bbox 947 1378 979 1439; x_wconf 93' lang='lat' dir='ltr'>in</span> <span class='ocrx_word' id='word_1_78' title='bbox 1002 1378 1118 1441; x_wconf 90' lang='lat' dir='ltr'>Severo</span> <span class='ocrx_word' id='word_1_79' title='bbox 1144 1395 1170 1439; x_wconf 90' lang='lat' dir='ltr'>e.</span> <span class='ocrx_word' id='word_1_80' title='bbox 1188 1377 1234 1439; x_wconf 82' lang='lat'>18.</span> <span class='ocrx_word' id='word_1_81' title='bbox 1252 1381 1291 1437; x_wconf 89' lang='lat' dir='ltr'>te-</span> 
     </span>
     <span class='ocr_line' id='line_1_11' title="bbox 201 1484 1290 1570; baseline -0.004 -19"><span class='ocrx_word' id='word_1_82' title='bbox 201 1494 298 1551; x_wconf 89' lang='lat' dir='ltr'>statur</span> <span class='ocrx_word' id='word_1_83' title='bbox 320 1490 367 1552; x_wconf 77' lang='lat' dir='ltr'>liis</span> <span class='ocrx_word' id='word_1_84' title='bbox 396 1490 519 1553; x_wconf 85' lang='lat' dir='ltr'>verbis:</span> <span class='ocrx_word' id='word_1_85' title='bbox 547 1489 727 1570; x_wconf 87' lang='lat' dir='ltr'>„Tripolim,</span> <span class='ocrx_word' id='word_1_86' title='bbox 758 1488 840 1551; x_wconf 90' lang='lat' dir='ltr'>unde</span> <span class='ocrx_word' id='word_1_87' title='bbox 871 1488 1017 1550; x_wconf 90' lang='lat' dir='ltr'>oriundus</span> <span class='ocrx_word' id='word_1_88' title='bbox 1051 1493 1135 1567; x_wconf 91' lang='lat' dir='ltr'>erat,</span> <span class='ocrx_word' id='word_1_89' title='bbox 1166 1484 1290 1550; x_wconf 79' lang='lat' dir='ltr'>conlusit</span> 
     </span>
     <span class='ocr_line' id='line_1_12' title="bbox 200 1595 1290 1682; baseline -0.005 -21"><span class='ocrx_word' id='word_1_90' title='bbox 200 1596 446 1663; x_wconf 89' lang='lat' dir='ltr'>bellicosissimis</span> <span class='ocrx_word' id='word_1_91' title='bbox 466 1600 612 1682; x_wconf 83' lang='lat' dir='ltr'>gentibus</span> <span class='ocrx_word' id='word_1_92' title='bbox 635 1599 862 1662; x_wconf 81' lang='lat' dir='ltr'>securissimam</span> <span class='ocrx_word' id='word_1_93' title='bbox 887 1598 1023 1662; x_wconf 86' lang='lat' dir='ltr'>reddidit</span> <span class='ocrx_word' id='word_1_94' title='bbox 1043 1617 1081 1661; x_wconf 90' lang='lat' dir='ltr'>ac</span> <span class='ocrx_word' id='word_1_95' title='bbox 1102 1616 1210 1679; x_wconf 91' lang='lat' dir='ltr'>pacem</span> <span class='ocrx_word' id='word_1_96' title='bbox 1231 1595 1290 1658; x_wconf 89' lang='lat' dir='ltr'>diu·</span> 
     </span>
     <span class='ocr_line' id='line_1_13' title="bbox 201 1708 1288 1793; baseline -0.003 -22"><span class='ocrx_word' id='word_1_97' title='bbox 201 1715 337 1786; x_wconf 91' lang='lat' dir='ltr'>turnam,</span> <span class='ocrx_word' id='word_1_98' title='bbox 363 1708 463 1771; x_wconf 92' lang='lat' dir='ltr'>oleum</span> <span class='ocrx_word' id='word_1_99' title='bbox 487 1709 651 1792; x_wconf 83' lang='lat' dir='ltr'>gratuitum</span> <span class='ocrx_word' id='word_1_100' title='bbox 675 1714 704 1772; x_wconf 85' lang='lat' dir='ltr'>et</span> <span class='ocrx_word' id='word_1_101' title='bbox 727 1709 978 1772; x_wconf 84' lang='lat' dir='ltr'>fecundissimum</span> <span class='ocrx_word' id='word_1_102' title='bbox 1006 1728 1114 1793; x_wconf 86' lang='lat' dir='ltr'>agrum</span> <span class='ocrx_word' id='word_1_103' title='bbox 1147 1708 1288 1771; x_wconf 67' lang='lat' dir='ltr'>donariti.</span> 
     </span>
     <span class='ocr_line' id='line_1_14' title="bbox 202 1815 1290 1900; baseline -0.002 -19"><span class='ocrx_word' id='word_1_104' title='bbox 202 1816 291 1881; x_wconf 86' lang='lat' dir='ltr'>Certo</span> <span class='ocrx_word' id='word_1_105' title='bbox 314 1819 341 1882; x_wconf 93' lang='lat' dir='ltr'>si</span> <span class='ocrx_word' id='word_1_106' title='bbox 363 1819 498 1883; x_wconf 85' lang='lat' dir='ltr'>Severus</span> <span class='ocrx_word' id='word_1_107' title='bbox 519 1820 589 1900; x_wconf 91' lang='lat' dir='ltr'>imp.</span> <span class='ocrx_word' id='word_1_108' title='bbox 612 1818 829 1900; x_wconf 79' lang='lat' dir='ltr'>Tripolitanum</span> <span class='ocrx_word' id='word_1_109' title='bbox 851 1819 1041 1900; x_wconf 87' lang='lat' dir='ltr'>provinciam</span> <span class='ocrx_word' id='word_1_110' title='bbox 1071 1819 1185 1900; x_wconf 92' lang='lat' dir='ltr'>primus</span> <span class='ocrx_word' id='word_1_111' title='bbox 1214 1815 1290 1881; x_wconf 90' lang='lat' dir='ltr'>ordi·</span> 
     </span>
     <span class='ocr_line' id='line_1_15' title="bbox 202 1925 1290 2011; baseline -0.004 -20"><span class='ocrx_word' id='word_1_112' title='bbox 202 1936 324 2009; x_wconf 91' lang='lat' dir='ltr'>nasset,</span> <span class='ocrx_word' id='word_1_113' title='bbox 346 1929 377 1992; x_wconf 88' lang='lat' dir='ltr'>bi</span> <span class='ocrx_word' id='word_1_114' title='bbox 395 1930 563 2011; x_wconf 90' lang='lat' dir='ltr'>scriptores</span> <span class='ocrx_word' id='word_1_115' title='bbox 588 1929 710 1993; x_wconf 91' lang='lat' dir='ltr'>silentio</span> <span class='ocrx_word' id='word_1_116' title='bbox 735 1947 797 1991; x_wconf 92' lang='lat' dir='ltr'>non</span> <span class='ocrx_word' id='word_1_117' title='bbox 817 1931 1058 2010; x_wconf 85' lang='lat' dir='ltr'>praeteriissent.</span> <span class='ocrx_word' id='word_1_118' title='bbox 1103 1930 1149 1992; x_wconf 89' lang='lat' dir='ltr'>De</span> <span class='ocrx_word' id='word_1_119' title='bbox 1170 1925 1290 2009; x_wconf 82' lang='lat' dir='ltr'>Tripoli·</span> 
     </span>
     <span class='ocr_line' id='line_1_16' title="bbox 201 2037 1289 2121; baseline -0.002 -20"><span class='ocrx_word' id='word_1_120' title='bbox 201 2045 292 2103; x_wconf 88' lang='lat' dir='ltr'>tanao</span> <span class='ocrx_word' id='word_1_121' title='bbox 319 2038 499 2121; x_wconf 83' lang='lat' dir='ltr'>provinciae</span> <span class='ocrx_word' id='word_1_122' title='bbox 526 2039 582 2102; x_wconf 87' lang='lat' dir='ltr'>sub</span> <span class='ocrx_word' id='word_1_123' title='bbox 605 2039 837 2118; x_wconf 78' lang='lat' dir='ltr'>Valentiniano,</span> <span class='ocrx_word' id='word_1_124' title='bbox 861 2039 988 2103; x_wconf 84' lang='lat' dir='ltr'>Valente</span> <span class='ocrx_word' id='word_1_125' title='bbox 1013 2039 1221 2119; x_wconf 72' lang='lat' dir='ltr'>Gratianoque</span> <span class='ocrx_word' id='word_1_126' title='bbox 1242 2037 1289 2099; x_wconf 90' lang='lat' dir='ltr'>im-</span> 
     </span>
     <span class='ocr_line' id='line_1_17' title="bbox 199 2144 1287 2231; baseline -0.002 -18"><span class='ocrx_word' id='word_1_127' title='bbox 199 2150 392 2231; x_wconf 85' lang='lat' dir='ltr'>peratoribus</span> <span class='ocrx_word' id='word_1_128' title='bbox 421 2151 501 2213; x_wconf 92' lang='lat' dir='ltr'>tristi</span> <span class='ocrx_word' id='word_1_129' title='bbox 529 2156 609 2213; x_wconf 91' lang='lat' dir='ltr'>statu</span> <span class='ocrx_word' id='word_1_130' title='bbox 634 2150 673 2214; x_wconf 71' lang='lat' dir='ltr'>cl,</span> <span class='ocrx_word' id='word_1_131' title='bbox 696 2150 793 2213; x_wconf 84' lang='lat' dir='ltr'>dmm.</span> <span class='ocrx_word' id='word_1_132' title='bbox 814 2149 1103 2216; x_wconf 70' lang='lat' dir='ltr'>aeremitae.</span> <span class='ocrx_word' id='word_1_133' title='bbox 1122 2168 1190 2212; x_wconf 92' lang='lat' dir='ltr'>oum</span> <span class='ocrx_word' id='word_1_134' title='bbox 1205 2144 1287 2211; x_wconf 82' lang='lat' dir='ltr'>xxtt</span> 
     </span>
     <span class='ocr_line' id='line_1_18' title="bbox 200 2258 359 2340; baseline -0.013 -17"><span class='ocrx_word' id='word_1_135' title='bbox 200 2260 231 2338; x_wconf 71' lang='lat'>2,</span> <span class='ocrx_word' id='word_1_136' title='bbox 248 2258 277 2322; x_wconf 77' lang='grc'>9.</span> <span class='ocrx_word' id='word_1_137' title='bbox 292 2277 359 2340; x_wconf 86' lang='lat' dir='ltr'>sqq.</span> 
     </span>
    </p>

    <p class='ocr_par' dir='ltr' id='par_1_4' title="bbox 200 2370 1289 2778">
     <span class='ocr_line' id='line_1_19' title="bbox 285 2370 1288 2452; baseline -0.006 -19"><span class='ocrx_word' id='word_1_138' title='bbox 285 2370 498 2451; x_wconf 78' lang='lat' dir='ltr'>symbolorum</span> <span class='ocrx_word' id='word_1_139' title='bbox 516 2371 665 2452; x_wconf 87' lang='lat' dir='ltr'>picturam</span> <span class='ocrx_word' id='word_1_140' title='bbox 690 2391 728 2435; x_wconf 84' lang='lat' dir='ltr'>ex</span> <span class='ocrx_word' id='word_1_141' title='bbox 741 2370 770 2430; x_wconf 66' lang='lat' dir='ltr'>:i</span> <span class='ocrx_word' id='word_1_142' title='bbox 789 2370 940 2447; x_wconf 84' lang='lat' dir='ltr'>dedimus,</span> <span class='ocrx_word' id='word_1_143' title='bbox 965 2388 1033 2433; x_wconf 90' lang='lat' dir='ltr'>cum</span> <span class='ocrx_word' id='word_1_144' title='bbox 1054 2387 1115 2450; x_wconf 87' lang='lat' dir='ltr'>qao</span> <span class='ocrx_word' id='word_1_145' title='bbox 1129 2376 1288 2433; x_wconf 87' lang='lat' dir='ltr'>ceterornn</span> 
     </span>
     <span class='ocr_line' id='line_1_20' title="bbox 201 2472 1288 2561; baseline -0.005 -19"><span class='ocrx_word' id='word_1_146' title='bbox 201 2496 322 2561; x_wconf 84' lang='lat' dir='ltr'>quoque</span> <span class='ocrx_word' id='word_1_147' title='bbox 344 2480 490 2542; x_wconf 91' lang='lat' dir='ltr'>librorum</span> <span class='ocrx_word' id='word_1_148' title='bbox 516 2479 666 2543; x_wconf 87' lang='lat' dir='ltr'>vocabula</span> <span class='ocrx_word' id='word_1_149' title='bbox 690 2480 824 2542; x_wconf 86' lang='lat' dir='ltr'>castellis</span> <span class='ocrx_word' id='word_1_150' title='bbox 846 2481 992 2560; x_wconf 89' lang='lat' dir='ltr'>inscripta</span> <span class='ocrx_word' id='word_1_151' title='bbox 1014 2480 1219 2556; x_wconf 81' lang='lat' dir='ltr'>conveniunt,</span> <span class='ocrx_word' id='word_1_152' title='bbox 1239 2472 1288 2538; x_wconf 81' lang='lat' dir='ltr'>nai</span> 
     </span>
     <span class='ocr_line' id='line_1_21' title="bbox 200 2578 1289 2671; baseline -0.005 -19"><span class='ocrx_word' id='word_1_153' title='bbox 200 2590 283 2671; x_wconf 89' lang='lat' dir='ltr'>quod</span> <span class='ocrx_word' id='word_1_154' title='bbox 318 2590 537 2652; x_wconf 86' lang='lat' dir='ltr'>Cotanarensis</span> <span class='ocrx_word' id='word_1_155' title='bbox 557 2598 599 2667; x_wconf 89' lang='lat' dir='ltr'>(s.</span> <span class='ocrx_word' id='word_1_156' title='bbox 616 2589 870 2670; x_wconf 84' lang='lat' dir='ltr'>Celunotensis?)</span> <span class='ocrx_word' id='word_1_157' title='bbox 892 2589 919 2653; x_wconf 71' lang='grc' dir='ltr'>Ε</span> <span class='ocrx_word' id='word_1_158' title='bbox 949 2596 1040 2670; x_wconf 89' lang='lat' dir='ltr'>atque</span> <span class='ocrx_word' id='word_1_159' title='bbox 1069 2588 1223 2651; x_wconf 71' lang='lat' dir='ltr'>Auriensis</span> <span class='ocrx_word' id='word_1_160' title='bbox 1244 2578 1289 2649; x_wconf 71' lang='grc' dir='ltr'>(ί</span> 
     </span>
     <span class='ocr_line' id='line_1_22' title="bbox 200 2698 942 2778; baseline 0 -17"><span class='ocrx_word' id='word_1_161' title='bbox 200 2698 331 2778; x_wconf 86' lang='lat' dir='ltr'>habent,</span> <span class='ocrx_word' id='word_1_162' title='bbox 353 2701 405 2762; x_wconf 92' lang='lat' dir='ltr'>ubi</span> <span class='ocrx_word' id='word_1_163' title='bbox 427 2702 522 2765; x_wconf 88' lang='lat' dir='ltr'>ceteri</span> <span class='ocrx_word' id='word_1_164' title='bbox 544 2700 761 2777; x_wconf 50' lang='lat' dir='ltr'>Aurelianum</span> <span class='ocrx_word' id='word_1_165' title='bbox 780 2698 942 2761; x_wconf 77' lang='lat' dir='ltr'>Andeira-is.</span> 
     </span>
    </p>

    <p class='ocr_par' dir='ltr' id='par_1_5' title="bbox 115 2808 1292 3443">
     <span class='ocr_line' id='line_1_23' title="bbox 285 2808 1253 2892; baseline -0.003 -18"><span class='ocrx_word' id='word_1_166' title='bbox 285 2848 325 2859; x_wconf 83' lang='lat'><em>—</em></span> <span class='ocrx_word' id='word_1_167' title='bbox 347 2813 374 2886; x_wconf 71' lang='lat' dir='ltr'>b.</span> <span class='ocrx_word' id='word_1_168' title='bbox 398 2812 443 2892; x_wconf 85' lang='grc'>6.]</span> <span class='ocrx_word' id='word_1_169' title='bbox 467 2811 651 2874; x_wconf 87' lang='lat' dir='ltr'>lastinianus</span> <span class='ocrx_word' id='word_1_170' title='bbox 675 2812 706 2873; x_wconf 89' lang='lat' dir='ltr'>L.</span> <span class='ocrx_word' id='word_1_171' title='bbox 720 2813 749 2873; x_wconf 76' lang='lat' dir='ltr'>Q,</span> <span class='ocrx_word' id='word_1_172' title='bbox 765 2810 798 2872; x_wconf 86' lang='lat' dir='ltr'>C.</span> <span class='ocrx_word' id='word_1_173' title='bbox 809 2810 848 2872; x_wconf 90' lang='lat' dir='ltr'>de</span> <span class='ocrx_word' id='word_1_174' title='bbox 863 2809 914 2872; x_wconf 85' lang='lat' dir='ltr'>oli.</span> <span class='ocrx_word' id='word_1_175' title='bbox 928 2809 970 2873; x_wconf 87' lang='lat' dir='ltr'>Pl.</span> <span class='ocrx_word' id='word_1_176' title='bbox 983 2811 1013 2871; x_wconf 90' lang='lat' dir='ltr'>P.</span> <span class='ocrx_word' id='word_1_177' title='bbox 1027 2810 1093 2872; x_wconf 87' lang='lat' dir='ltr'>Alc.</span> <span class='ocrx_word' id='word_1_178' title='bbox 1111 2817 1157 2890; x_wconf 73' lang='lat' dir='ltr'>(p,</span> <span class='ocrx_word' id='word_1_179' title='bbox 1171 2808 1288 2872; x_wconf 56' lang='grc' dir='ltr'><strong>Μ’...</strong></span> 
     </span>
     <span class='ocr_line' id='line_1_24' title="bbox 115 2916 1290 3005; baseline -0.006 -23"><span class='ocrx_word' id='word_1_180' title='bbox 115 2924 120 2931; x_wconf 89' lang='grc'>’</span> <span class='ocrx_word' id='word_1_181' title='bbox 204 2920 420 3001; x_wconf 69' lang='grc' dir='ltr'><strong>169’.)Ι]ιιοοε</strong></span> <span class='ocrx_word' id='word_1_182' title='bbox 443 2921 535 2984; x_wconf 90' lang='lat' dir='ltr'>modo</span> <span class='ocrx_word' id='word_1_183' title='bbox 559 2919 753 3005; x_wconf 76' lang='lat' dir='ltr'>spectabiles,</span> <span class='ocrx_word' id='word_1_184' title='bbox 775 2919 866 2983; x_wconf 90' lang='lat' dir='ltr'>modo</span> <span class='ocrx_word' id='word_1_185' title='bbox 891 2919 1081 2981; x_wconf 86' lang='lat' dir='ltr'>clarissimos</span> <span class='ocrx_word' id='word_1_186' title='bbox 1103 2918 1247 3000; x_wconf 88' lang='lat' dir='ltr'>appellat,</span> <span class='ocrx_word' id='word_1_187' title='bbox 1263 2916 1290 2975; x_wconf 84' lang='lat' dir='ltr'>nt</span> 
     </span>
     <span class='ocr_line' id='line_1_25' title="bbox 201 3022 1291 3111; baseline -0.005 -19"><span class='ocrx_word' id='word_1_188' title='bbox 201 3029 278 3092; x_wconf 91' lang='lat' dir='ltr'>alias</span> <span class='ocrx_word' id='word_1_189' title='bbox 301 3049 421 3111; x_wconf 90' lang='lat' dir='ltr'>quoque</span> <span class='ocrx_word' id='word_1_190' title='bbox 445 3031 677 3094; x_wconf 88' lang='lat' dir='ltr'>observavimus</span> <span class='ocrx_word' id='word_1_191' title='bbox 699 3028 939 3092; x_wconf 89' lang='lat' dir='ltr'>clarissimorum</span> <span class='ocrx_word' id='word_1_192' title='bbox 961 3029 1195 3110; x_wconf 86' lang='lat' dir='ltr'>appellationem</span> <span class='ocrx_word' id='word_1_193' title='bbox 1216 3022 1291 3109; x_wconf 77' lang='lat' dir='ltr'>masi</span> 
     </span>
     <span class='ocr_line' id='line_1_26' title="bbox 200 3131 1291 3223; baseline -0.007 -20"><span class='ocrx_word' id='word_1_194' title='bbox 200 3141 377 3223; x_wconf 83' lang='lat' dir='ltr'>generalem</span> <span class='ocrx_word' id='word_1_195' title='bbox 410 3143 502 3205; x_wconf 89' lang='lat' dir='ltr'>etiarn</span> <span class='ocrx_word' id='word_1_196' title='bbox 529 3141 688 3203; x_wconf 88' lang='lat' dir='ltr'>illustrium</span> <span class='ocrx_word' id='word_1_197' title='bbox 719 3145 809 3220; x_wconf 86' lang='lat' dir='ltr'>atque</span> <span class='ocrx_word' id='word_1_198' title='bbox 835 3139 1063 3221; x_wconf 86' lang='lat' dir='ltr'>spectabilium,</span> <span class='ocrx_word' id='word_1_199' title='bbox 1091 3140 1223 3202; x_wconf 84' lang='lat' dir='ltr'>maxime</span> <span class='ocrx_word' id='word_1_200' title='bbox 1247 3131 1291 3199; x_wconf 88' lang='lat' dir='ltr'>nbi</span> 
     </span>
     <span class='ocr_line' id='line_1_27' title="bbox 200 3245 1292 3332; baseline -0.002 -22"><span class='ocrx_word' id='word_1_201' title='bbox 200 3267 264 3313; x_wconf 92' lang='lat' dir='ltr'>non</span> <span class='ocrx_word' id='word_1_202' title='bbox 285 3250 323 3312; x_wconf 83' lang='lat' dir='ltr'>acl</span> <span class='ocrx_word' id='word_1_203' title='bbox 350 3268 405 3313; x_wconf 91' lang='lat' dir='ltr'>cos</span> <span class='ocrx_word' id='word_1_204' title='bbox 431 3252 514 3332; x_wconf 88' lang='lat' dir='ltr'>ipsos</span> <span class='ocrx_word' id='word_1_205' title='bbox 538 3267 640 3312; x_wconf 88' lang='lat' dir='ltr'>sermo</span> <span class='ocrx_word' id='word_1_206' title='bbox 665 3248 862 3331; x_wconf 83' lang='lat' dir='ltr'>dirigeretur,</span> <span class='ocrx_word' id='word_1_207' title='bbox 880 3250 912 3311; x_wconf 90' lang='lat' dir='ltr'>in</span> <span class='ocrx_word' id='word_1_208' title='bbox 934 3266 991 3311; x_wconf 91' lang='lat' dir='ltr'>usu</span> <span class='ocrx_word' id='word_1_209' title='bbox 1017 3250 1122 3312; x_wconf 91' lang='lat' dir='ltr'>luisse.</span> <span class='ocrx_word' id='word_1_210' title='bbox 1146 3286 1188 3297; x_wconf 89' lang='lat'><em>-</em></span> <span class='ocrx_word' id='word_1_211' title='bbox 1211 3245 1292 3309; x_wconf 79' lang='lat' dir='ltr'>lieu·</span> 
     </span>
     <span class='ocr_line' id='line_1_28' title="bbox 200 3354 723 3443; baseline 0 -22"><span class='ocrx_word' id='word_1_212' title='bbox 200 3359 334 3422; x_wconf 74' lang='lat' dir='ltr'>situatae</span> <span class='ocrx_word' id='word_1_213' title='bbox 356 3361 383 3443; x_wconf 67' lang='lat' dir='ltr'>d</span> <span class='ocrx_word' id='word_1_214' title='bbox 407 3360 620 3423; x_wconf 82' lang='lat' dir='ltr'>Caesariensis</span> <span class='ocrx_word' id='word_1_215' title='bbox 643 3354 723 3421; x_wconf 76' lang='lat' dir='ltr'>baa.</span> 
     </span>
    </p>

    <p class='ocr_par' dir='ltr' id='par_1_6' title="bbox 284 3466 1267 3551">
     <span class='ocr_line' id='line_1_29' title="bbox 284 3466 1267 3551; baseline -0.005 -18"><span class='ocrx_word' id='word_1_216' title='bbox 284 3504 326 3518; x_wconf 87' lang='lat'><em>-</em></span> <span class='ocrx_word' id='word_1_217' title='bbox 346 3472 373 3547; x_wconf 77' lang='lat' dir='ltr'>pl.</span> <span class='ocrx_word' id='word_1_218' title='bbox 395 3470 440 3551; x_wconf 88' lang='grc'>8.]</span> <span class='ocrx_word' id='word_1_219' title='bbox 463 3470 712 3533; x_wconf 83' lang='lat' dir='ltr'>Columnaoensis</span> <span class='ocrx_word' id='word_1_220' title='bbox 733 3467 769 3533; x_wconf 62' lang='grc' dir='ltr'>Ε.</span> <span class='ocrx_word' id='word_1_221' title='bbox 801 3470 879 3534; x_wconf 82' lang='lat' dir='ltr'>vide</span> <span class='ocrx_word' id='word_1_222' title='bbox 897 3485 988 3549; x_wconf 88' lang='lat' dir='ltr'>supra</span> <span class='ocrx_word' id='word_1_223' title='bbox 1010 3468 1048 3531; x_wconf 86' lang='lat' dir='ltr'>ad</span> <span class='ocrx_word' id='word_1_224' title='bbox 1071 3485 1100 3550; x_wconf 92' lang='lat' dir='ltr'>p.</span> <span class='ocrx_word' id='word_1_225' title='bbox 1113 3468 1179 3532; x_wconf 72' lang='lat'>77¹.</span> <span class='ocrx_word' id='word_1_226' title='bbox 1197 3470 1224 3545; x_wconf 69' lang='lat' dir='ltr'>pl.</span> <span class='ocrx_word' id='word_1_227' title='bbox 1240 3466 1267 3531; x_wconf 82' lang='grc'>9.</span> 
     </span>
    </p>

    <p class='ocr_par' dir='ltr' id='par_1_7' title="bbox 200 3573 1299 4103">
     <span class='ocr_line' id='line_1_30' title="bbox 288 3573 1295 3661; baseline -0.006 -18"><span class='ocrx_word' id='word_1_228' title='bbox 288 3618 328 3628; x_wconf 95' lang='grc'>-</span> <span class='ocrx_word' id='word_1_229' title='bbox 349 3581 378 3655; x_wconf 66' lang='lat' dir='ltr'>b.</span> <span class='ocrx_word' id='word_1_230' title='bbox 401 3579 447 3661; x_wconf 85' lang='lat'>9.]</span> <span class='ocrx_word' id='word_1_231' title='bbox 469 3581 556 3644; x_wconf 91' lang='lat' dir='ltr'>Hunc</span> <span class='ocrx_word' id='word_1_232' title='bbox 579 3583 610 3658; x_wconf 69' lang='lat' dir='ltr'>i.</span> <span class='ocrx_word' id='word_1_233' title='bbox 634 3583 737 3646; x_wconf 85' lang='lat' dir='ltr'>ondsit</span> <span class='ocrx_word' id='word_1_234' title='bbox 756 3579 792 3645; x_wconf 73' lang='grc' dir='ltr'>ί.</span> <span class='ocrx_word' id='word_1_235' title='bbox 824 3580 959 3644; x_wconf 68' lang='lat' dir='ltr'>nandonis</span> <span class='ocrx_word' id='word_1_236' title='bbox 979 3573 1057 3660; x_wconf 75' lang='lat' dir='ltr'>alb,</span> <span class='ocrx_word' id='word_1_237' title='bbox 1085 3585 1118 3642; x_wconf 91' lang='lat' dir='ltr'>ul</span> <span class='ocrx_word' id='word_1_238' title='bbox 1140 3581 1232 3643; x_wconf 89' lang='lat' dir='ltr'>etiam</span> <span class='ocrx_word' id='word_1_239' title='bbox 1250 3574 1295 3637; x_wconf 85' lang='lat' dir='ltr'>in·</span> 
     </span>
     <span class='ocr_line' id='line_1_31' title="bbox 201 3689 1297 3774; baseline -0.004 -22"><span class='ocrx_word' id='word_1_240' title='bbox 201 3689 306 3752; x_wconf 79' lang='lat' dir='ltr'>elensis</span> <span class='ocrx_word' id='word_1_241' title='bbox 326 3690 390 3772; x_wconf 81' lang='lat' dir='ltr'>legi</span> <span class='ocrx_word' id='word_1_242' title='bbox 413 3691 527 3771; x_wconf 88' lang='lat' dir='ltr'>possit;</span> <span class='ocrx_word' id='word_1_243' title='bbox 559 3692 641 3755; x_wconf 90' lang='lat' dir='ltr'>unde</span> <span class='ocrx_word' id='word_1_244' title='bbox 660 3699 785 3774; x_wconf 89' lang='lat' dir='ltr'>apparet</span> <span class='ocrx_word' id='word_1_245' title='bbox 806 3692 878 3772; x_wconf 89' lang='lat' dir='ltr'>quid</span> <span class='ocrx_word' id='word_1_246' title='bbox 901 3692 959 3755; x_wconf 92' lang='lat' dir='ltr'>sibi</span> <span class='ocrx_word' id='word_1_247' title='bbox 988 3691 1063 3754; x_wconf 86' lang='lat' dir='ltr'>relit</span> <span class='ocrx_word' id='word_1_248' title='bbox 1084 3689 1236 3754; x_wconf 83' lang='lat' dir='ltr'>Paneiroli</span> <span class='ocrx_word' id='word_1_249' title='bbox 1254 3692 1297 3749; x_wconf 88' lang='lat' dir='ltr'>le-</span> 
     </span>
     <span class='ocr_line' id='line_1_32' title="bbox 200 3800 1297 3878; baseline -0.005 -14"><span class='ocrx_word' id='word_1_250' title='bbox 200 3801 396 3878; x_wconf 89' lang='lat' dir='ltr'>stimonium,</span> <span class='ocrx_word' id='word_1_251' title='bbox 420 3802 452 3862; x_wconf 93' lang='lat' dir='ltr'>in</span> <span class='ocrx_word' id='word_1_252' title='bbox 474 3808 594 3865; x_wconf 81' lang='lat' dir='ltr'>vetusto</span> <span class='ocrx_word' id='word_1_253' title='bbox 618 3802 729 3866; x_wconf 91' lang='lat' dir='ltr'>codice</span> <span class='ocrx_word' id='word_1_254' title='bbox 750 3822 820 3865; x_wconf 89' lang='lat' dir='ltr'>csse</span> <span class='ocrx_word' id='word_1_255' title='bbox 843 3802 986 3864; x_wconf 71' lang='lat' dir='ltr'>inacessis.</span> <span class='ocrx_word' id='word_1_256' title='bbox 1024 3801 1164 3863; x_wconf 86' lang='lat' dir='ltr'>ludensis</span> <span class='ocrx_word' id='word_1_257' title='bbox 1191 3800 1297 3864; x_wconf 80' lang='lat' dir='ltr'>liabent</span> 
     </span>
     <span class='ocr_line' id='line_1_33' title="bbox 203 3912 1299 3992; baseline -0.001 -20"><span class='ocrx_word' id='word_1_258' title='bbox 203 3928 249 3973; x_wconf 88' lang='lat' dir='ltr'>oo.</span> <span class='ocrx_word' id='word_1_259' title='bbox 295 3912 459 3975; x_wconf 85' lang='lat' dir='ltr'>Ridensem</span> <span class='ocrx_word' id='word_1_260' title='bbox 482 3912 563 3975; x_wconf 89' lang='lat' dir='ltr'>hune</span> <span class='ocrx_word' id='word_1_261' title='bbox 586 3912 708 3977; x_wconf 90' lang='lat' dir='ltr'>limitem</span> <span class='ocrx_word' id='word_1_262' title='bbox 731 3913 907 3976; x_wconf 83' lang='lat' dir='ltr'>l&#39;ancirolus</span> <span class='ocrx_word' id='word_1_263' title='bbox 936 3912 1066 3975; x_wconf 90' lang='lat' dir='ltr'>eundem</span> <span class='ocrx_word' id='word_1_264' title='bbox 1096 3912 1193 3975; x_wconf 88' lang='lat' dir='ltr'>iuisse</span> <span class='ocrx_word' id='word_1_265' title='bbox 1215 3916 1299 3992; x_wconf 86' lang='lat' dir='ltr'>puta·</span> 
     </span>
     <span class='ocr_line' id='line_1_34' title="bbox 202 4021 1297 4103; baseline -0.002 -20"><span class='ocrx_word' id='word_1_266' title='bbox 202 4021 350 4103; x_wconf 86' lang='lat' dir='ltr'>vitatque</span> <span class='ocrx_word' id='word_1_267' title='bbox 365 4022 546 4103; x_wconf 85' lang='lat' dir='ltr'>capXXlll.</span> <span class='ocrx_word' id='word_1_268' title='bbox 557 4030 767 4086; x_wconf 91' lang='lat' dir='ltr'>memoratum.</span> <span class='ocrx_word' id='word_1_269' title='bbox 785 4025 840 4087; x_wconf 89' lang='lat' dir='ltr'>sed</span> <span class='ocrx_word' id='word_1_270' title='bbox 852 4024 923 4087; x_wconf 84' lang='lat' dir='ltr'>vide</span> <span class='ocrx_word' id='word_1_271' title='bbox 935 4029 1038 4086; x_wconf 76' lang='lat' dir='ltr'>aranot.</span> <span class='ocrx_word' id='word_1_272' title='bbox 1050 4021 1088 4085; x_wconf 89' lang='lat' dir='ltr'>ad</span> <span class='ocrx_word' id='word_1_273' title='bbox 1100 4040 1128 4103; x_wconf 91' lang='lat' dir='ltr'>p.</span> <span class='ocrx_word' id='word_1_274' title='bbox 1138 4023 1242 4098; x_wconf 57' lang='lat' dir='ltr'>iffi.</span> <span class='ocrx_word' id='word_1_275' title='bbox 1253 4022 1297 4083; x_wconf 82' lang='lat'>15.</span> 
     </span>
    </p>

    <p class='ocr_par' dir='ltr' id='par_1_8' title="bbox 201 4130 1302 4437">
     <span class='ocr_line' id='line_1_35' title="bbox 285 4130 1300 4213; baseline -0.001 -20"><span class='ocrx_word' id='word_1_276' title='bbox 285 4169 326 4182; x_wconf 87' lang='lat'><em>-</em></span> <span class='ocrx_word' id='word_1_277' title='bbox 347 4134 374 4208; x_wconf 63' lang='lat' dir='ltr'>,ta</span> <span class='ocrx_word' id='word_1_278' title='bbox 402 4132 465 4212; x_wconf 80' lang='lat' dir='ltr'>co]</span> <span class='ocrx_word' id='word_1_279' title='bbox 487 4132 668 4213; x_wconf 69' lang='lat' dir='ltr'>inscriptam</span> <span class='ocrx_word' id='word_1_280' title='bbox 690 4151 736 4195; x_wconf 88' lang='lat' dir='ltr'>aa.</span> <span class='ocrx_word' id='word_1_281' title='bbox 762 4172 802 4183; x_wconf 91' lang='lat'><em>-</em></span> <span class='ocrx_word' id='word_1_282' title='bbox 832 4134 1008 4197; x_wconf 83' lang='lat' dir='ltr'>l‘ancirolus</span> <span class='ocrx_word' id='word_1_283' title='bbox 1042 4140 1145 4197; x_wconf 88' lang='lat' dir='ltr'>annot.</span> <span class='ocrx_word' id='word_1_284' title='bbox 1168 4130 1300 4213; x_wconf 80' lang='lat' dir='ltr'>„Limitis</span> 
     </span>
     <span class='ocr_line' id='line_1_36' title="bbox 202 4240 1300 4323; baseline -0.001 -18"><span class='ocrx_word' id='word_1_285' title='bbox 202 4240 360 4305; x_wconf 83' lang='lat' dir='ltr'>interioris</span> <span class='ocrx_word' id='word_1_286' title='bbox 383 4243 539 4306; x_wconf 89' lang='lat' dir='ltr'>Oceanum</span> <span class='ocrx_word' id='word_1_287' title='bbox 570 4251 708 4307; x_wconf 81' lang='lat' dir='ltr'>versus“.</span> <span class='ocrx_word' id='word_1_288' title='bbox 760 4246 791 4309; x_wconf 92' lang='lat' dir='ltr'>Si</span> <span class='ocrx_word' id='word_1_289' title='bbox 823 4244 902 4307; x_wconf 84' lang='lat' dir='ltr'>inira</span> <span class='ocrx_word' id='word_1_290' title='bbox 936 4245 1120 4323; x_wconf 88' lang='lat' dir='ltr'>Bidensem,</span> <span class='ocrx_word' id='word_1_291' title='bbox 1152 4258 1300 4308; x_wconf 89' lang='lat' dir='ltr'>oceanum</span> 
     </span>
     <span class='ocr_line' id='line_1_37' title="bbox 201 4350 1302 4437; baseline 0.005 -23"><span class='ocrx_word' id='word_1_292' title='bbox 201 4364 321 4433; x_wconf 88' lang='lat' dir='ltr'>versus,</span> <span class='ocrx_word' id='word_1_293' title='bbox 341 4351 392 4414; x_wconf 89' lang='lat' dir='ltr'>hio</span> <span class='ocrx_word' id='word_1_294' title='bbox 415 4350 504 4417; x_wconf 90' lang='lat' dir='ltr'>limos</span> <span class='ocrx_word' id='word_1_295' title='bbox 528 4355 760 4434; x_wconf 83' lang='lat' dir='ltr'>extenderetur,</span> <span class='ocrx_word' id='word_1_296' title='bbox 783 4355 943 4437; x_wconf 83' lang='lat' dir='ltr'>regionem</span> <span class='ocrx_word' id='word_1_297' title='bbox 965 4354 1166 4437; x_wconf 74' lang='lat' dir='ltr'>Alperiannm</span> <span class='ocrx_word' id='word_1_298' title='bbox 1187 4354 1245 4419; x_wconf 88' lang='lat' dir='ltr'>sub</span> <span class='ocrx_word' id='word_1_299' title='bbox 1268 4370 1302 4419; x_wconf 79' lang='lat' dir='ltr'>se</span> 
     </span>
    </p>
   </div>
   <div class='ocr_carea' id='block_1_4' title="bbox 0 0 1465 4914">
    <p class='ocr_par' dir='ltr' id='par_1_9' title="bbox 0 0 1465 4914">
     <span class='ocr_line' id='line_1_38' title="bbox 0 0 1465 4914; baseline 0 0"><span class='ocrx_word' id='word_1_300' title='bbox 0 0 1465 4914; x_wconf 95' lang='lat' dir='ltr'> </span> 
     </span>
    </p>
   </div>
  </div>
 </body>
</html>
