2918 4914
37 4598 87 4624 ἱ

175 227 523 268 ὤε;.,....-...;,
566 242 580 247 ..
658 258 662 261 ,
704 241 881 261 Ἥ..
973 240 983 245 -

227 606 355 674 grorunr
379 586 492 668 populo
516 585 587 646 vide
610 603 689 666 quae
712 585 750 648 ad
772 584 917 666 p.‘„>4*.·l.
931 585 980 645 tt.
994 602 1083 664 supra
1096 585 1330 665 persumm-

226 705 288 762 tata
312 703 391 760 sunt.
413 735 452 742 —
484 695 682 777 Borcovicio]
705 694 882 758 Berconitio
904 688 1011 777 aaa,
1035 697 1196 760 nobiseum
1220 698 1330 761 iaciunt

226 804 294 892 fle,
317 803 589 894 Bencennensis,
608 806 851 871 Brocooiciona.
875 809 1019 871 Fortasse
1040 807 1196 870 Voturtivn
1220 810 1329 892 Geogr.

226 923 302 985 Itur.
316 922 446 983 curulem
469 920 570 982 lin-um
595 919 735 986 indicare
757 919 789 980 in
813 917 913 981 tabula
936 919 1098 1000 synoptico
1115 920 1330 999 expressimus.

226 1031 425 1095 Pancirolus:
452 1031 550 1110 „Triln
566 1030 635 1091 coln
646 1031 666 1092 l.
681 1030 793 1112 Tungr.
807 1028 1004 1109 praesidebat
1017 1028 1200 1107 Boroouico,
1227 1029 1332 1110 quiesi

127 1155 133 1167 ⁴
227 1142 315 1221 quasi
339 1143 424 1202 ricus
438 1139 531 1202 llvrci
546 1138 647 1214 [Boioi
671 1139 749 1201 laiso
766 1140 917 1201 dederunt
930 1140 1012 1218 r³‚⁴.],
1036 1137 1332 1221 vulgoBoruupclrss.

226 1252 263 1315 Et
288 1250 461 1312 Camdenus
486 1267 607 1329 quoquc
639 1250 668 1310 in
694 1248 933 1312 Northumbrico
959 1248 1102 1312 Bintviclr
1124 1268 1219 1329 prope
1242 1248 1332 1309 Pont.

226 1359 331 1422 Elvnd
348 1360 405 1435 (cl.
419 1377 511 1438 supra
527 1358 565 1419 ad
579 1360 624 1433 ptr.
637 1360 687 1420 25.
699 1358 998 1440 sq.)‘Boreoricum'
1009 1359 1143 1423 Notitiae
1157 1360 1265 1439 quaeri
1280 1377 1334 1420 ro-

226 1471 293 1546 luit,
318 1469 425 1529 nescio
454 1487 492 1529 an
523 1468 604 1530 nullu
629 1469 687 1531 alia
712 1489 751 1531 cx
783 1488 893 1532 caussa
917 1489 1006 1550 quam
1033 1470 1102 1532 soni
1125 1468 1332 1533 similitudine.

227 1560 382 1643 Gortouus
405 1578 445 1639 de
466 1576 620 1655 Boraviclr,
644 1597 690 1639 co.
705 1577 770 1639 Pal.
786 1579 823 1658 os
841 1579 1012 1640 Lonooster
1034 1579 1113 1642 haee
1140 1585 1274 1640 tantum:
1292 1579 1333 1657 „A

227 1687 377 1765 torvnsln'p
406 1688 438 1747 in
463 1687 512 1747 tlte
532 1687 644 1765 pericla
668 1689 705 1766 of
736 1688 859 1750 ll'orton
883 1690 946 1750 carrd
969 1689 1108 1750 lrurrdred
1130 1690 1167 1768 of
1184 1687 1334 1750 Lousdale

227 1778 317 1859 sontii
339 1796 376 1876 os
393 1796 441 1857 tlte
462 1797 585 1858 sundsss.
631 1815 730 1878 neque
754 1817 828 1860 vcro
861 1799 899 1859 iis
929 1799 1134 1876 accesserim,
1159 1797 1211 1876 qni
1236 1818 1274 1859 ex
1296 1799 1335 1858 ti-

227 1905 280 1967 tuli
304 1923 417 1967 araeve
442 1905 570 1968 alicuius
594 1908 712 1970 numeri
739 1908 925 1970 mentionem
952 1908 1095 1970 facientis
1124 1908 1196 1969 loco
1222 1909 1334 1983 statim,

228 2017 270 2077 iot
294 2016 425 2077 cundem
447 2033 606 2076 numerum
631 2020 740 2079 stativa
765 2017 929 2091 imbuisse,
961 2017 1066 2099 colligi
1097 2034 1189 2097 posse
1221 2023 1334 2097 putant.

230 2127 312 2207 quod
337 2125 440 2187 dubito
463 2144 500 2187 au
522 2127 552 2186 in
577 2145 632 2188 eos
658 2128 768 2204 cadat,
797 2128 848 2207 qui
872 2126 1075 2188 llousestceds
1104 2133 1191 2188 vetus
1216 2127 1335 2189 Boreo-

232 2236 344 2297 rioium
378 2254 447 2298 esso
477 2237 637 2298 ulsumant.
694 2237 739 2298 Er
771 2237 880 2299 ordine
909 2237 1042 2300 Notitiae
1074 2236 1224 2319 simulque
1256 2237 1335 2300 lineo

231 2347 320 2424 valli,
343 2352 375 2407 ut
402 2346 433 2406 in
463 2346 604 2410 illordeni
634 2347 695 2411 tab.
718 2366 828 2428 geogr.
851 2346 1088 2410 Nortlrumbriae
1114 2345 1336 2427 Cumbriaequc

229 2457 383 2520 delineata
408 2461 464 2533 est,
487 2457 588 2536 potius
612 2457 650 2517 de
664 2456 872 2519 Scevenslrote
896 2456 1095 2537 cogitandum
1112 2475 1183 2518 esse
1206 2457 1334 2520 ridetur.

227 2567 281 2629 sor
307 2584 346 2625 ex
369 2564 508 2626 Gortouo
532 2565 628 2626 ‹lidici
652 2563 855 2626 lionsesteeds
879 2566 1032 2646 antiquam
1055 2565 1219 2629 stationem
1242 2585 1336 2647 praro-

229 2675 348 2736 chiatus
371 2672 502 2733 ttamen
526 2674 556 2734 in
580 2674 810 2751 Nerthumbria‚
839 2675 877 2736 de
901 2693 961 2754 quo
986 2675 1036 2737 ille
1064 2675 1142 2738 liaeo
1163 2675 1275 2737 habet:
1292 2676 1336 2756 „A

224 2783 337 2864 porislt
361 2782 391 2840 in
414 2782 462 2841 tlre
478 2781 514 2842 N.
526 2782 569 2843 W.
584 2783 716 2844 division
739 2785 776 2863 os
787 2783 911 2846 Tindole
932 2784 1031 2859 ward,
1048 2785 1183 2846 sitvnted
1203 2784 1334 2847 between

228 2894 277 2954 tlte
295 2891 416 2953 Rumon
438 2893 510 2954 avait
530 2893 592 2954 arad
613 2894 662 2954 tlte
685 2892 784 2955 Nortli
809 2894 872 2955 erud
892 2894 987 2954 Soutlt
1012 2893 1092 2974 lyae
1119 2893 1275 2956 rivers...
1291 2893 1336 2955 On

229 3022 270 3063 on
292 3002 460 3076 eneinence,
494 3002 593 3063 ‹telled
622 3002 824 3075 casio-dio,
849 3021 905 3063 ore
932 3003 1062 3085 vestiges
1083 3004 1121 3083 vs
1147 3022 1187 3064 ori
1217 3004 1338 3065 ancient

228 3108 347 3172 Britislc
376 3109 612 3188 denonciarent,
640 3109 741 3171 avdicle
763 3128 829 3173 avos
859 3111 1007 3191 defended
1027 3111 1066 3192 by
1094 3119 1278 3191 nromport
1308 3112 1342 3193 os

229 3220 327 3301 roupd
347 3227 452 3296 stone,
474 3227 504 3280 to
527 3218 626 3280 wirici
652 3219 700 3280 tlte
722 3219 859 3280 Romans
881 3219 1097 3300 subsequently
1121 3221 1227 3282 raised
1249 3222 1338 3283 addi-

156 3378 159 3383 .
230 3314 327 3391 tional
347 3328 557 3390 enrrtuworts
583 3329 927 3407 ondditcltes31vitdin
951 3329 999 3391 tlte
1023 3349 1117 3407 oreo,
1138 3330 1337 3411 seminatione

231 3440 269 3519 os
286 3438 418 3518 building
441 3437 505 3498 arrd
524 3440 648 3501 several
660 3439 838 3502 dead-anitii
855 3440 934 3502 dove
949 3439 1024 3501 been
1040 3440 1229 3504 discovered.
1255 3441 1338 3504 Near

231 3546 280 3607 tire
307 3547 570 3625 vicorvpe-lrvnse
604 3567 660 3608 ore
692 3554 794 3610 troves
828 3549 866 3629 os
895 3549 1025 3611 oriotlrer
1047 3549 1114 3630 sort
1143 3551 1210 3611 also
1243 3551 1340 3613 called

207 3734 211 3741 ι
233 3654 421 3717 Costlellill.

186 4522 225 4565 «-

318 3805 357 3814 -
380 3767 566 3846 trt·.1tt.sq.]
589 3766 715 3847 Proprie
739 3767 891 3830 cohortes
913 3768 1031 3831 Alaeve
1055 3769 1193 3833 Gallicae
1215 3774 1246 3831 et
1266 3770 1339 3832 Gal-

232 3876 330 3937 lorum
356 3877 435 3936 iutvr
458 3895 492 3937 se
515 3875 675 3938 dillorunt:
701 3877 731 3939 tri
755 3878 880 3940 natione
895 3877 984 3955 Galli,
1008 3885 1092 3942 certe
1117 3879 1155 3941 ab
1178 3880 1277 3959 initio,
1301 3880 1339 3941 il-

233 3986 281 4047 lae
301 4004 376 4047 roro
404 3986 441 4045 ad
463 3986 577 4049 Gallias
600 3986 799 4049 debellandas
820 3987 887 4049 sive
911 3988 1041 4051 tuendas
1065 3989 1250 4052 constitutae
1274 3989 1339 4051 sire

234 4096 347 4157 missae
373 4095 504 4157 scierunt.
557 4097 599 4159 lta
624 4104 709 4161 reete
729 4097 863 4159 Ititterus
886 4114 933 4177 ap.
954 4099 1025 4160 Tae.
1040 4099 1115 4160 llist.
1130 4099 1150 4159 l.
1167 4098 1195 4159 o.
1218 4117 1273 4178 pro
1298 4100 1339 4160 te.

233 4204 320 4283 pinne
345 4202 486 4283 dispono
508 4206 570 4268 vult
594 4207 710 4289 legione
732 4206 913 4285 Hispanico.
958 4206 1161 4269 Auriliariurn
1184 4208 1341 4272 Gallorum

237 4314 423 4377 montionem
447 4316 519 4377 tired
540 4317 611 4379 Tac.
627 4318 701 4380 Hist.
718 4317 738 4378 l.
753 4316 803 4378 os.
815 4333 861 4396 sq.
874 4316 924 4377 lll.
937 4316 1008 4393 31.;
1030 4317 1067 4379 de
1081 4317 1256 4397 „Gallorum
1279 4321 1342 4381 Lu-
