2918 4914
103 258 1316 308 rQb-

160 731 232 768 cuis.
245 715 321 783 (blus.
330 713 391 780 809,
400 715 437 786 6.)

241 810 279 873 Ut
300 811 428 892 semipes
450 810 522 873 olim
545 811 612 875 sive
629 809 788 891 remiqiam
805 810 856 872 rel
878 816 1002 889 acutae,
1027 811 1146 892 ἐρέται,
1171 811 1268 874 adre-

156 924 247 1003 pe'ras
270 928 300 985 el
323 924 481 1005 rprqpr'rar
503 940 528 984 s.
542 923 721 1004 rptqpe'rar,
746 927 836 1001 atque
858 920 982 982 classici
1001 919 1111 982 milites
1127 922 1196 983 sive
1211 939 1268 983 so-

157 1029 197 1092 cii
217 1031 347 1093 nauales
369 1037 420 1093 aut
438 1037 699 1110 propeque-tores,
723 1028 884 1111 ἐπιβάται,
904 1027 1164 1110 saepefatam,
1190 1048 1267 1111 quos

157 1158 264 1204 omnes
285 1139 513 1203 classiariorum
539 1139 663 1203 nominc
686 1139 799 1220 passirn
824 1138 1140 1219 comprehendebant,
1165 1146 1269 1204 tamen

156 1251 208 1314 ubi
235 1251 374 1314 exactius
402 1249 620 1332 loquerentur,
653 1251 733 1313 inter
755 1269 790 1312 se
821 1249 1090 1331 distinguebantur
1112 1251 1266 1332 (Polybl.

156 1362 220 1438 25,
244 1359 308 1423 biv.
326 1359 421 1425 XXll.
443 1364 491 1424 11.
514 1359 621 1424 XXVI.
640 1362 690 1422 51.
705 1359 785 1437 rell,
815 1360 886 1422 Tac.
900 1359 981 1421 Ann.
999 1359 1048 1423 lV.
1064 1361 1114 1423 27.
1135 1359 1201 1423 Xll.
1216 1361 1267 1424 56.

156 1469 235 1534 Xlll.
249 1469 300 1535 30.
318 1470 396 1534 xlv.
405 1471 435 1532 4.
445 1470 474 1533 8.
493 1470 532 1533 cl.
546 1470 678 1533 Fabrett.
694 1469 754 1532 col.
767 1469 847 1532 Trai.
859 1488 888 1551 p.
902 1471 983 1551 71),
1001 1477 1033 1532 ut
1055 1470 1191 1553 legionis
1208 1470 1270 1534 ho-

157 1581 317 1644 norificum
340 1598 453 1644 nomen
482 1597 545 1642 non
570 1580 661 1643 lacile
684 1580 778 1643 classi
801 1580 1024 1643 attribuebatur
1038 1583 1069 1659 i,
1097 1581 1137 1642 ita
1159 1587 1270 1661 poste-

156 1690 289 1754 rioribus
320 1691 412 1754 etiam
442 1690 650 1771 temporibus,
681 1709 748 1753 cum
773 1711 790 1755 a
813 1690 999 1753 Diocletiani
1026 1690 1269 1772 Maximianiquc

156 1800 228 1864 inde
250 1800 380 1882 imperio
401 1818 499 1882 usque
524 1801 562 1864 ad
582 1807 719 1883 tempora
742 1801 831 1864 buius
847 1802 982 1866 Notitiae
999 1803 1029 1863 in
1047 1822 1113 1865 eam
1136 1802 1269 1867 formam

156 1928 317 1993 quonium
340 1910 462 1989 utimur,
487 1911 643 1989 redactae,
671 1910 805 1974 maxime
825 1929 882 1992 per
906 1912 1139 1974 Constantinum
1162 1913 1269 1975 Theo-

156 2020 338 2102 dosiumquc
360 2021 452 2083 totius
478 2020 598 2101 imperii
624 2026 720 2083 status
745 2039 781 2082 ac
805 2018 903 2082 forma
931 2020 1055 2083 multum
1086 2022 1268 2085 immutare-

155 2133 269 2210 burst,
299 2130 415 2194 similes
448 2130 575 2193 militiae
605 2130 721 2214 gradus
757 2130 915 2193 observati
949 2136 1028 2193 sunt.
1082 2131 1267 2196 Universum

156 2242 275 2305 navalis
297 2242 424 2304 militiae
449 2259 548 2322 genus
573 2242 604 2302 in
625 2240 811 2304 hacNotitia
835 2240 902 2303 lere
923 2241 1057 2302 infimum
1081 2241 1195 2322 ubique
1216 2243 1267 2306 lo-

158 2370 226 2415 cum
251 2350 345 2414 habet
374 2356 466 2431 atquc
495 2350 637 2413 diversae
669 2350 757 2412 buius
789 2368 910 2431 quoquc
934 2350 1110 2413 limitaneae
1141 2351 1267 2417 militiae

156 2430 298 2546 singulae
320 2461 440 2542 species
456 2461 537 2546 quod
555 2461 593 2523 ad
617 2461 797 2541 dignitatem
822 2460 1101 2542 condicionemque
1126 2460 1265 2526 suerunt:

157 2571 236 2635 aliae
248 2588 379 2652 namque
391 2589 407 2634 e
420 2570 539 2649 blaiori,
550 2590 567 2633 c
579 2571 691 2635 Minori
702 2570 781 2634 aliae
790 2570 952 2634 Lalerculo
964 2570 1181 2634 emittebantur
1188 2574 1265 2653 itt,

377 2725 463 2733 -..ι-..ο

174 2812 182 2829 “
256 2808 285 2878 *)
308 2801 518 2875 Polybius&
539 2809 570 2863 di
589 2812 679 2882 μέρος
706 2811 829 2867 ἕκαστον
855 2807 947 2869 διττὰς
973 2809 1030 2881 εἶχε
1055 2817 1265 2884 προσηγορίας·

147 2907 342 2980 ’πρῶτονμὲν
360 2901 417 2979 γὰρ
440 2909 566 2962 ἐκαλεῖτο
584 2909 840 2978 στρατόπεδον
861 2912 909 2961 καὶ
930 2912 1046 2979 πρῶτος
1072 2907 1198 2970 στόλος
1217 2915 1267 2966 acl

155 2994 188 3056 ui
207 2997 293 3058 larnai
311 2996 380 3058 sarri
406 3005 502 3075 λόγον.
551 3044 555 3049 -

262 3101 307 3170 ⁹¹)
327 3100 401 3153 blalti
424 3117 483 3153 cum
502 3102 528 3152 in
550 3100 651 3153 scholis
669 3116 764 3153 novam
779 3100 991 3153 historiaeliom.
1005 3102 1143 3170 periodum
1161 3105 1263 3157 acon.

153 3200 269 3250 stantiuo
289 3199 322 3250 bl.
335 3199 455 3265 incipere
472 3197 585 3261 soleant,
605 3197 638 3249 de
658 3197 699 3249 his
719 3199 947 3250 immutationibus
968 3201 1005 3250 ita
1024 3200 1171 3268 loquuntur
1191 3207 1263 3257 acsi

155 3311 213 3347 cum
234 3294 285 3346 boc
305 3294 464 3361 imperatore
485 3309 569 3345 novus
588 3309 676 3345 rerum
694 3295 758 3347 ordo
778 3297 853 3364 quasi
873 3295 949 3347 caclo
969 3294 1093 3362 delapsus
1115 3306 1195 3351 esset.
1219 3308 1264 3351 at·

156 3400 245 3444 tarneu
269 3393 372 3444 cautius
399 3391 463 3457 ille,
482 3407 569 3460 neque
589 3399 662 3443 tanto
682 3408 769 3444 rerum
791 3392 971 3444 novandarum
992 3393 1095 3458 studio,
1117 3396 1196 3447 immo
1215 3398 1262 3451 ubi

1318 259 1342 312 «i

458 417 526 464 our.
541 419 593 464 nu.
610 419 651 464 nu
678 417 747 465 eta.
764 397 863 471 118*.
885 407 913 481 d.
931 397 966 467 6.
1171 395 1265 471 993*

157 633 296 671 susurrus.
314 633 353 670 cu.
369 615 491 688 (Viguoli
510 633 535 684 p.
547 617 617 683 287,
640 616 703 668 dtur.
714 616 821 682 851,8.,
844 616 905 667 Gari
922 616 966 668 lll.
981 616 1050 686 db),
1070 633 1211 672 sussicivs.
1224 635 1266 672 ax.

153 3491 211 3543 lieri
231 3491 317 3557 potuit
338 3496 384 3541 aut
403 3489 511 3554 debuit,
534 3504 702 3557 summopere
722 3506 779 3541 eam
802 3491 841 3542 rei
861 3506 886 3557 p.
898 3492 1114 3543 constitutionem
1137 3509 1206 3562 quac
1228 3510 1260 3547 co

153 3602 238 3654 usquc
256 3587 417 3652 optinuerat,
437 3585 506 3638 benc
526 3586 645 3649 retinuit,
666 3585 750 3654 quod,
773 3593 801 3636 ut
819 3603 871 3638 uno
893 3586 1015 3654 exernplo
1035 3587 1176 3660 defungar,
1195 3606 1260 3658 pro.

152 3681 331 3735 consularium
352 3684 547 3749 provinciarum
564 3683 648 3735 lormu
667 3682 836 3734 demonstrat.

258 3778 323 3843 m)
344 3779 529 3831 l‘raeieetaras
549 3778 679 3830 classium
704 3779 752 3831 sub
772 3779 890 3830 Ducibus
910 3783 1055 3833 recensitas
1074 3799 1182 3849 omnes,
1200 3803 1259 3840 cam

153 3875 222 3929 baec
239 3875 340 3927 Notitia
360 3884 571 3943 componeretur,
593 3877 719 3928 cblaiori
740 3877 880 3929 laterculo
900 3879 1057 3932 emittendas
1079 3882 1163 3935 fuisse
1182 3885 1261 3938 docet
1320 3824 1325 3945 Ι

149 3980 205 4025 tum
226 3972 340 4025 lictor.
357 3991 380 4024 c.
395 3973 530 4037 xxxvtt,
551 3973 596 4024 ubi
618 3981 678 4040 post
702 3974 835 4045 Legiones
854 3975 1025 4041 iliparicuses
1045 3978 1259 4034 l'raeiccturam.
1319 3970 1323 4043 Ι

151 4086 204 4140 que
223 4072 332 4122 navirrm
354 4073 515 4122 amnicarum
536 4079 702 4123 enumeratas
720 4088 744 4139 p.
761 4073 819 4125 103.
837 4081 982 4140 sequuntur
1001 4092 1085 4143 „quac
1104 4078 1138 4129 dc
1157 4079 1258 4133 itincre

151 4166 295 4219 laterculo
316 4170 486 4218 emittuntur“
503 4167 632 4219 cobortes
653 4175 715 4234 tres,
735 4175 789 4219 tum
808 4168 878 4237 quod
890 4170 923 4223 de
935 4171 1029 4224 bliuori
1042 4174 1182 4227 Latcrculo
1194 4176 1259 4229 olim
1316 4236 1320 4249 Ι

149 4264 312 4317 emittendae
334 4264 535 4331 l‘raepositurae
560 4267 679 4333 Magistri
703 4266 764 4318 Ped.
781 4274 914 4334 praesent.
927 4272 1075 4322 summatim
1098 4271 1150 4323 hoc
1170 4275 1257 4341 capite

148 4362 201 4415 tlt.
214 4369 389 4431 exponuntur.
429 4360 553 4415 Ceterum
574 4365 618 4435 qui
638 4363 686 4416 sul)
703 4363 821 4419 Ducibus
840 4375 1018 4423 memorantur
1038 4369 1167 4422 l‘raolccti
1179 4369 1255 4423 Clas.

103 4552 107 4561 ,
790 4549 793 4555 ,
1310 4510 1335 4631 ,
