2918 4914
258 425 1360 496 1102*tenor.mnor.0co.crv.xr.mevonrvmmonumen.
1427 490 1430 495 .

338 643 434 718 -ii
445 641 475 704 8.
489 651 549 722 sq]
570 640 716 703 Actorum
737 643 821 722 (sive
834 651 988 722 aetorum)
1008 655 1082 701 arse.
1101 636 1211 704 eteoiti
1236 656 1359 718 omnes,
1425 554 1430 745 Ξ

253 750 313 815 nisi
334 752 415 833 quod
439 751 617 815 Panoirolas
641 753 671 815 in
694 771 800 816 comm.
815 752 960 816 Actorum
980 754 1080 831 dedit,
1110 752 1192 833 qood
1214 753 1361 816 vocabo·
1424 784 1428 849 t

251 859 312 924 lum
340 861 386 924 sic
409 861 621 943 explicandam
650 864 679 925 ei
705 863 801 925 visum
825 870 894 926 est:
918 862 1031 944 „Aetne
1053 863 1213 926 Plutarcho
1237 863 1268 923 in
1291 862 1362 923 De·
1423 866 1428 979 q

251 971 359 1034 metrio
386 979 434 1035 est
456 990 570 1035 nomen
594 973 732 1054 regionis
751 974 783 1035 in
803 973 1047 1055 Peloponness03
1068 973 1151 1035 unde
1173 972 1204 1034 hi
1227 976 1361 1052 possent
1416 988 1427 1067 1,·

250 1096 322 1144 esse
344 1084 525 1146 contracti“.
562 1084 663 1146 statim
687 1088 757 1146 ante
781 1083 881 1146 detlit:
896 1084 951 1164 „lli
973 1100 1012 1147 ex
1028 1082 1146 1160 Galliis,
1164 1088 1194 1145 et
1207 1083 1358 1144 Asterum
1423 1070 1427 1192 ξ

251 1189 418 1272 Hispaniae
443 1193 569 1273 oppido,
592 1193 672 1273 quod
698 1212 778 1256 nanc
803 1193 924 1257 llaudix
945 1194 1067 1272 dicitur,
1091 1198 1178 1257 erant
1200 1191 1357 1255 collecti“.
1422 1266 1426 1285 .

248 1305 370 1380 poterat
392 1303 487 1365 Astos
516 1320 591 1366 suos
616 1304 706 1367 etiam
737 1304 801 1384 pari
830 1305 897 1366 iure
927 1322 966 1367 ex
994 1304 1080 1367 lndia
1113 1305 1190 1366 intra
1213 1302 1357 1386 Gangem
1421 1298 1425 1343 ²

247 1428 430 1475 accersere:
454 1411 529 1475 nihil
552 1413 633 1476 enim
658 1415 754 1477 nraria
779 1421 939 1477 montesve
961 1414 1115 1477 hominem
1138 1413 1357 1487 morabantar3
1421 1390 1425 1505 ξ

247 1521 323 1585 alias
344 1523 420 1585 Asta
439 1523 585 1607 Liguriae
601 1523 747 1587 Patavina
769 1526 913 1606 scriptori
937 1526 1063 1606 propior
1084 1526 1149 1587 iait.
1183 1523 1358 1587 Bucherius
1421 1572 1424 1587 ,

244 1629 359 1712 poco.
373 1631 520 1695 actoriam
541 1635 662 1714 repetit,
685 1634 752 1712 sed,
776 1641 808 1697 at
831 1635 887 1697 luit
910 1642 1016 1698 cautus
1033 1635 1137 1714 homo,
1161 1653 1229 1697 eam
1252 1633 1358 1714 expli·
1419 1604 1423 1689 ἶ

245 1758 319 1805 care
346 1758 408 1804 non
428 1748 550 1823 posset,
575 1745 661 1824 quasi
684 1742 890 1824 explicatione
920 1744 1001 1807 nulla
1032 1762 1109 1825 opus
1135 1751 1239 1822 esset,
1264 1744 1354 1807 sicco

243 1850 324 1932 pede
350 1852 481 1917 transiit.
513 1856 555 1914 ita
579 1853 735 1935 sagaciter
765 1853 848 1915 siluit
876 1853 966 1917 etiam
991 1852 1144 1935 Zumptius
1168 1872 1196 1934 p.
1209 1853 1273 1931 titi,
1297 1854 1356 1917 sed
1415 1880 1419 1899 ·

244 1976 307 2021 non
328 1959 414 2023 siluit
435 1958 484 2023 ΑΙ.
501 1959 714 2038 Wiltbemius‚
739 1963 825 2024 cuias
853 1960 1051 2042 explicationi
1074 1980 1114 2025 ne
1144 1961 1269 2024 nimium
1292 1961 1356 2023 lvo-
1408 1882 1418 2053 Ι

242 2086 351 2133 norem
381 2071 412 2132 in
435 2070 576 2153 margine
607 2089 675 2134 earn
697 2070 901 2150 repetendo¹¹
924 2071 1073 2151 tribuam,
1106 2071 1196 2134 valvle
1226 2089 1353 2135 vereor.
1406 2046 1417 2181 q]

1405 2190 1414 2237 l:

508 2240 546 2249 -σ-ι

342 2346 371 2416 ¹¹)
392 2345 604 2416 luciliburgeoe.
617 2361 641 2414 p.
654 2343 698 2399 64.
711 2348 801 2414 „Actio
815 2345 844 2398 D.
857 2345 997 2415 Gaagerici
1015 2346 1212 2398 Cameracensis
1226 2314 1350 2413 episcopi
1400 2274 1413 2423 ,¹

286 2446 322 2495 ita
341 2441 485 2515 traditumr
502 2444 677 2513 Gangeticum
699 2445 725 2494 in
744 2443 843 2510 Epoaio
863 2449 949 2495 caetra
970 2448 1085 2495 natum...
1106 2441 1168 2494 Tam
1188 2443 1226 2493 ita
1245 2440 1279 2493 de
1300 2457 1349 2509 pa.
1394 2426 1402 2581 Ι
1449 2430 1453 2485 l

239 2541 289 2591 tria
308 2539 599 2609 scriptum:„Camque
619 2540 758 2592 Provincia
778 2541 835 2607 ipea
854 2538 959 2592 Etaeter
980 2540 1025 2610 [ab
1044 2538 1160 2592 Auster?
1178 2544 1206 2589 at
1225 2537 1348 2605 apGre-
1394 2574 1401 2633 t*

238 2651 296 2706 gor.
307 2635 400 2689 Tenet
415 2639 442 2688 in
462 2637 604 2709 Fredegar.
616 2640 723 2707 saepiae
743 2637 853 2708 legitur]
875 2645 1043 2701 memoratae,
1065 2636 1097 2688 ad
1113 2634 1268 2689 Pontificem
1281 2636 1348 2687 l're·
1392 2638 1401 2711 J

238 2734 303 2784 viria
323 2734 459 2798 Civitatis,
485 2733 517 2784 ad
542 2733 687 2787 doctrinam
710 2733 807 2786 Christi
831 2736 952 2802 aepicere
971 2733 1121 2799 videretur,
1143 2734 1299 2802 contigit..‚
1319 2741 1348 2784 at
1391 2718 1395 2845 ἰ

237 2831 295 2897 ipse
314 2829 633 2897 l'outiiex...parochiarn
654 2832 805 2884 circuiret“.
843 2831 882 2882 Ea
902 2831 1027 2901 [iporiam
1041 2832 1172 2895 Currum,
1192 2830 1345 2882 inl'roee'a-
1389 2864 1393 2887 ,

236 2929 279 2980 cia
299 2927 416 2980 arator.
457 2928 539 2992 Quam
562 2928 675 2997 legerim
695 2928 789 2981 lobene
811 2928 955 2987 laetanter,
976 2927 1152 2996 librariosque
1172 2928 1289 2994 culpem,
1300 2928 1345 2996 qui
1388 2892 1397 3007 ξ’

235 3023 364 3094 liquidam
380 3025 515 3077 vocabalo
526 3024 632 3076 litaeter
651 3026 800 3095 praefigere
818 3008 994 3094 neglexerint.
1033 3024 1160 3077 Ferarnue
1174 3030 1262 3074 tameo
1276 3039 1344 3091 pau·
1388 3018 1392 3129 ἰ

234 3119 326 3188 lieper,
346 3121 515 3190 quodmodo
538 3121 772 3191 legitarlitaeter.
811 3121 845 3173 m
866 3137 934 3190 quae
954 3120 1000 3173 illa
1023 3120 1162 3172 Provincia
1179 3119 1298 3185 Etesiae,
1318 3128 1344 3170 te
1388 3140 1392 3207 q
1431 3166 1436 3193 ,

233 3233 350 3286 quaeso,
369 3220 423 3270 nisi
442 3219 565 3271 Ariorum
585 3218 734 3291 [addimusz
762 3226 789 3270 at
818 3234 886 3287 quae
910 3217 957 3269 illa
976 3217 1115 3268 Provincia
1133 3217 1270 3280 Asterum,
1292 3215 1342 3267 nisi
1388 3214 1396 3273 l'

233 3315 302 3382 apud
322 3314 490 3367 Pancirolam
510 3325 537 3367 et
556 3315 775 3387 li'ilthemium]¹?
813 3315 850 3367 lla
870 3323 957 3366 tamen
977 3320 1005 3365 ut
1024 3330 1077 3366 vox
1096 3313 1206 3365 atuor
1225 3327 1279 3363 non
1292 3328 1342 3363 una
1387 3280 1395 3365 ¹

231 3413 274 3476 alt,
294 3412 342 3464 ead
360 3414 480 3481 partibas
499 3414 664 3482 composita;
685 3422 711 3464 et
737 3412 848 3478 partium
871 3411 975 3480 quidem
996 3412 1068 3477 prior
1088 3409 1183 3461 vulnus
1204 3411 1232 3459 in
1253 3410 1342 3461 fronte
1387 3400 1395 3489 l!

231 3512 376 3578 acceperit,
401 3527 415 3562 a
435 3511 511 3563 malie
531 3511 656 3574 librariis,
674 3513 712 3561 uti
733 3509 842 3575 dictum,
862 3508 961 3577 liquida
986 3508 1005 3560 l⁴
1022 3509 1144 3572 recolere,
1161 3522 1231 3575 qaae
1248 3508 1271 3559 ei
1292 3505 1338 3558 etl.
1387 3496 1395 3613 q'

231 3613 319 3671 aeret,
340 3608 437 3660 Laetor
462 3616 588 3672 sonaret,
616 3608 698 3659 altera
724 3615 798 3674 parte
823 3613 937 3658 eooante
954 3607 1047 3671 Artos,
1073 3604 1144 3657 oncle
1163 3605 1340 3671 compositum
1387 3586 1395 3721 ,ἶ

230 3699 389 3756 Provinciae
410 3721 516 3769 nomen,
539 3706 686 3767 laetarier,
706 3707 780 3773 qaaei
800 3704 942 3756 laetorum
960 3711 1038 3754 aeter.
1068 3703 1103 3754 At
1122 3717 1245 3754 aversare
1258 3715 1340 3769 cepe·
1392 3690 1395 3703 ’
1425 3760 1429 3785 Ι

228 3798 334 3849 ritatem
363 3802 588 3872 insolentiamque
616 3801 741 3853 vocabuli
765 3801 851 3853 Artes.
891 3800 938 3851 Ubi
961 3813 1025 3869 ergo
1050 3798 1128 3850 lber?
1156 3798 1200 3850 ubl
1220 3796 1340 3851 Elaver?
1392 3760 1396 3831 ¹
1424 3788 1429 3889 Ι

229 3894 292 3960 qaid
312 3897 462 3949 tricamur?
498 3899 622 3968 liuaquid
642 3899 746 3951 Samiae
765 3905 852 3949 terrae
871 3913 955 3966 genae
975 3904 1016 3948 eet
1036 3904 1115 3959 aeter,
1136 3902 1164 3946 ut
1182 3894 1262 3946 tradit
1283 3893 1340 3947 Pli.
1392 3888 1395 3947 ζ

229 3989 311 4041 niue?
347 3991 403 4043 ll'on
425 4010 607 4064 nequequam
628 3995 760 4047 modicum
781 4000 869 4045 terrae
891 3993 968 4044 lister
990 3991 1044 4043 diei
1066 3991 1146 4060 digna
1165 3999 1206 4042 eet
1226 3989 1339 4044 Provin-
1392 3952 1395 3993 Ι

228 4086 293 4138 cia?
313 4095 339 4139 ot
358 4093 380 4140 si
403 4091 554 4160 exemplum
580 4094 681 4161 erigii,
700 4094 840 4161 regionum
862 4090 1019 4153 urbiam,
1042 4102 1150 4159 quorum
1170 4086 1339 4155 complexam
1392 4076 1395 4123 Ι

227 4197 259 4235 ex
279 4184 398 4251 partibus
418 4202 524 4253 nomon,
547 4188 628 4240 habes
647 4187 807 4240 Catalaunos
824 4195 849 4240 et
863 4165 1098 4250 Durocatalaonoe,
1117 4183 1222 4236 brivam
1238 4190 1265 4236 et
1279 4184 1339 4236 liri-
1391 4170 1394 4217 ἶ

224 4283 376 4343 raniearim
401 4292 427 4333 et
447 4286 473 4335 id
496 4301 580 4354 genae
602 4285 684 4338 multa
703 4285 765 4338 alio.
794 4287 832 4337 lta
852 4284 1047 4353 quoqueAster
1065 4281 1248 4334 etbaetoeter,
1281 4281 1338 4334 lle-

224 4375 265 4428 bie
285 4394 350 4449 ergo
370 4381 489 4448 teredone,
511 4386 615 4451 opinor,
637 4384 720 4436 iniero
738 4384 876 4448 Aeterem,
895 4382 1030 4452 quondam
1047 4381 1204 4432 l'rovinetee
1228 4386 1337 4433 amirae

173 4570 293 4619 ‹aun-..-
302 4582 467 4597 ...η-
