2918 4914
258 359 350 438 ΜΨ
386 387 501 435 ᾸΝΝΟΤ.
512 387 551 434 ΑΒ
566 386 640 434 NOT·
651 386 721 433 OGG·
731 386 938 437 (ist-XXXVH·
949 387 1015 436 1th
1028 386 1180 435 BELGIGAB
1198 387 1239 434 ll·

258 568 388 649 vicinus¹
409 584 520 648 milites
544 585 653 648 stativa
684 585 854 663 haberent,
877 585 999 648 nomina
1024 585 1165 650 collocet.
1194 585 1234 650 ci.
1253 590 1359 650 annot.

258 692 421 776 adp.91*.
434 695 461 770 i.
472 693 523 756 ot.
537 713 628 774 supra
641 714 671 775 p.
682 696 769 758 672⁴.
1409 767 1410 785 χ

340 844 381 856 -
403 807 431 881 i.
456 804 501 885 3.]
528 803 679 867 t'rttanus
701 807 789 868 ornis.
812 803 848 868 e.
871 843 912 854 -
938 803 1137 868 'Nerviorum
1162 806 1202 869 cl.
1219 824 1249 886 p.
1266 806 1358 870 2982

255 916 293 978 ad
314 934 344 997 p.
362 916 468 991 itti.
486 915 533 979 18.
555 951 596 966 -
614 922 727 994 portae
746 915 866 995 potiori
891 909 994 996 wil,
1017 922 1149 995 portame
1173 915 1295 995 patioci
1315 910 1357 995 li,
1410 953 1411 973 t

253 1031 364 1104 portos
390 1023 503 1104 potioti
525 1021 568 1105 B,
601 1024 734 1088 Portuoe
751 1025 878 1104 paciaci
898 1031 966 1105 oli,
996 1026 1253 1106 Protoaapaciaei
1272 1028 1358 1103 o¹¹,¹‘‚
1408 1012 1411 1120 j

255 1132 349 1196 Portu
367 1136 523 1213 cepatioei
542 1142 606 1215 oe,
630 1135 725 1197 Portu
747 1134 881 1222 epotioci
906 1141 947 1215 τ’,
970 1136 1103 1197 Portooc
1122 1135 1243 1215 poliaci
1264 1136 1358 1199 etttt.
1408 1141 1409 1150 ’

256 1246 455 1311 l‘ancirolus:
480 1249 592 1331 „Forte
609 1248 696 1311 locus
720 1255 766 1311 est
789 1266 877 1329 quem
899 1248 1112 1310 Petramuiaca
1134 1248 1257 1313 Schetla
1280 1249 1359 1313 Vol·

253 1357 328 1418 serii
351 1357 509 1438 appellat“.
558 1357 691 1422 Tabulae
715 1358 831 1421 Pentl.
852 1357 876 1420 B
897 1358 1028 1420 Petram.
1044 1358 1135 1420 eicco
1158 1377 1228 1423 curn
1249 1358 1359 1423 Petro·

256 1467 389 1530 mautalo
421 1469 489 1531 sive
510 1468 745 1532 Petromantalio
768 1469 800 1531 lt.
815 1469 885 1531 Ant.
898 1488 927 1549 p.
938 1468 1010 1550 382.
1020 1468 1092 1533 384.
1110 1468 1192 1532 idem
1211 1470 1357 1550 oppidum
1406 1528 1408 1544 ,

135 1644 139 1655 ,
253 1575 352 1638 luisse
375 1576 516 1659 plerique
537 1579 604 1641 iere
628 1595 736 1640 omnes
759 1578 971 1657 consentiunt,
995 1578 1076 1658 qaod
1101 1584 1220 1641 constat
1242 1579 1274 1640 in
1295 1579 1357 1643 Lu-

254 1685 407 1767 gdunensi
428 1687 582 1766 Secunda,
603 1705 667 1749 non
691 1689 722 1760 in
739 1686 863 1769 Belgica
883 1687 1026 1751 Secunda
1043 1687 1251 1770 quaerendum
1274 1706 1355 1752 esse.

251 1795 579 1880 Bucher.Belg.Bom.
594 1815 622 1878 p.
636 1797 708 1860 495.
731 1798 845 1880 „Sunt“
876 1798 973 1880 inquit
1005 1799 1075 1879 „qui
1106 1800 1207 1862 vicum
1239 1804 1355 1880 putent,

253 1907 405 1986 quemad
437 1908 548 1972 ostium
577 1908 710 1971 Buruinis
733 1908 876 1972 Altlrciae
905 1923 981 1989 (quo
1005 1909 1129 1972 Artesia
1154 1909 1356 1990 Picardiaquo

253 2015 500 2100 distinguuntur)
525 2018 648 2082 incolae
678 2018 771 2081 hodie
802 2000 915 2082 uocant
938 2017 998 2081 Poe
1022 2018 1164 2099 u’Aatty.
1208 2019 1270 2084 Sed
1294 2036 1357 2083 vox

251 2125 310 2190 ista
332 2128 499 2192 vernacula
520 2129 682 2217 recentior
699 2134 756 2208 est3
780 2146 870 2209 quam
889 2134 922 2190 ut
943 2133 1055 2192 tantam
1077 2128 1288 2209 antiquitatem
1306 2134 1355 2192 at-

255 2211 377 2320 tingere
398 2239 506 2319 possit.
555 2238 628 2302 Puto
650 2238 815 2321 legendum
838 2238 932 2301 Portu
954 2239 1147 2320 Gereonium,
1176 2238 1250 2303 exili
1272 2239 1355 2304 litte-

255 2365 359 2411 rarum
382 2349 559 2419 mutatione.
605 2348 694 2423 Ouotl
716 2349 744 2412 si
766 2354 830 2427 est,
855 2348 969 2435 Classis
992 2349 1043 2412 illa
1063 2349 1240 2428 Sambric'a,
1264 2347 1355 2412 llor-

252 2457 352 2519 dicom
377 2459 457 2521 inter
479 2465 508 2519 et
523 2457 749 2537 (laeaniticum,
771 2459 870 2539 (quod
886 2459 1057 2523 Bononiam
1080 2459 1171 2523 etiam
1195 2459 1257 2521 dici
1270 2459 1353 2523 Peut.

250 2567 323 2630 lab.
342 2573 486 2645 testatur)
516 2586 643 2648 prorsus
666 2569 705 2631 ad
732 2568 887 2646 Witsoad,
918 2569 950 2630 in
974 2576 1112 2632 extremo
1134 2568 1352 2648 Promontorii,

251 2676 332 2756 quod
356 2674 445 2740 Itium
466 2677 657 2740 Ptolemaeus
679 2677 818 2757 appellat,
843 2695 992 2758 procursu
1015 2685 1045 2740 et
1068 2680 1154 2761 quasi
1176 2696 1253 2743 naso
1272 2678 1354 2742 exti-

250 2787 339 2862 terit3
361 2787 412 2867 qui
437 2786 602 2849 etiamnum
624 2785 790 2848 Bloneaest
812 2787 989 2869 appellatur,
1010 2789 1091 2852 unde
1106 2796 1136 2851 et
1151 2789 1352 2853 brevissimus

251 2900 281 2961 et
302 2897 355 2959 vix
378 2898 418 2960 25
441 2896 555 2960 milium
577 2903 623 2959 cst
646 2897 677 2959 in
697 2897 885 2961 Britanniam
907 2917 925 2959 e
946 2899 1073 2983 Belgica
1096 2899 1252 2962 transitus.
1281 2908 1352 2963 uam

251 3005 468 3069 Gessoriacum
491 3005 613 3087 longius
635 3007 762 3069 recedit.
817 3007 854 3070 lli
885 3013 990 3087 portus
1026 3026 1132 3071 ornnes
1162 3007 1351 3091 Morinorum

250 3120 349 3196 eraut,
372 3133 449 3196 quus
470 3115 625 3197 praesidia
648 3116 706 3179 ista
730 3122 837 3179 contra
858 3115 997 3179 Saxones
1019 3135 1057 3179 eo
1081 3117 1211 3180 maxime
1233 3115 1351 3182 Oceani
1400 3194 1402 3198 μ

250 3231 349 3289 tractu
371 3225 530 3306 piraticam
552 3232 733 3289 exercentes
757 3226 919 3288 terebantur
941 3233 971 3288 et
994 3226 1032 3290 ad
1057 3228 1166 3290 iratum
1182 3234 1352 3309 opportune

250 3337 452 3402 excubatant.
504 3336 643 3400 'laruana
666 3336 768 3418 gentis
798 3341 888 3416 caput
910 3336 960 3398 hic
983 3336 1110 3416 siletur,
1139 3355 1194 3401 seu
1217 3344 1280 3401 turn
1303 3337 1352 3400 di·

252 3453 337 3528 ruta,
360 3465 416 3510 seu
439 3447 520 3528 quod
540 3446 669 3511 lloumni
695 3447 753 3508 iarn
775 3445 954 3509 fatiscentes
984 3449 1108 3510 arrrruisi
1137 3443 1260 3529 laodice
1281 3448 1350 3511 loca

250 3555 345 3620 milite
368 3556 565 3620 insiderent“.
611 3554 671 3620 Sed
694 3555 742 3616 isti
766 3555 974 3634 coniecturae,
997 3574 1054 3635 per
1075 3575 1112 3627 se
1134 3556 1208 3619 satis
1233 3556 1351 3637 proba·
1435 3590 1442 3607 ι

250 3665 304 3728 bili
329 3683 429 3747 neque
445 3666 536 3727 nimis
561 3665 683 3744 audaci,
706 3684 795 3746 quam
810 3663 949 3727 Valesius
969 3664 1350 3746 (1r.23‘2.)quoquosuam

251 3775 334 3854 lecit,
357 3776 522 3857 legendum
548 3794 619 3839 esse
641 3775 734 3837 Porto
758 3775 934 3853 Gesoriact,
958 3793 1047 3855 quem
1070 3774 1148 3839 Galli
1174 3780 1244 3856 post
1267 3775 1351 3839 Con-

250 3886 414 3949 stantinum
426 3882 596 3946 Bononiam
616 3892 767 3949 vocanunt
782 3885 870 3966 (hod.
885 3884 1041 3965 Bootoync
1055 3891 1223 3964 ster-mer),
1246 3884 1352 3961 D'Anr

250 3996 352 4059 villius
381 4004 425 4076 (p.
445 3993 536 4070 531.)
564 3996 725 4075 opposuit,
758 3995 853 4085 ipsius
876 3995 965 4058 huius
993 3995 1127 4058 Notitiae
1157 3995 1351 4077 conscriptae

250 4112 388 4187 ternpore
409 4103 567 4166 Bononiae
591 4104 772 4167 vocabulum
804 4106 833 4167 in
861 4104 964 4167 locum
987 4104 1165 4167 Gesseriaci
1188 4104 1248 4167 iam
1278 4122 1351 4168 suc·

251 4216 395 4279 cessisse.
418 4213 499 4293 quod
514 4220 724 4295 argumentum
747 4215 848 4296 fateor
868 4233 931 4277 uon
952 4215 1055 4297 magui
1074 4214 1221 4295 ponderis
1236 4213 1346 4292 videri,

252 4344 320 4391 cum
343 4332 474 4390 exeunte
495 4333 603 4406 quarto
626 4345 654 4406 p.
668 4326 739 4389 Chr.
752 4344 781 4388 n.
794 4326 938 4407 saeculo,
965 4332 998 4389 ut
1025 4325 1077 4389 hic
1100 4327 1166 4408 ipse
1186 4324 1268 4389 liber
1289 4341 1351 4389 nou
