2918 4914
141 239 1334 290 ανῆ-ΜΗ

188 379 280 460 554*
301 381 508 456 naumann.
523 402 670 451 occcar.
683 403 759 454 xxv·
772 401 994 453 cormarron.
1007 400 1281 450 alsemannum.

192 604 310 685 cidem,¹
327 603 409 666 nullo
425 621 523 684 paene
535 602 637 666 redire
650 599 799 683 permisso
813 607 1023 684 grassatorum
1035 603 1073 665 ad
1085 610 1169 666 sua“.
1192 604 1282 668 Oros.

190 715 252 778 llll.
264 715 314 779 32.
329 720 376 792 (et
386 712 561 776 Paul.Diac.
575 710 626 774 lib.
639 711 707 791 Xl.)
721 711 968 791 ,Valentinianus
990 712 1139 792 Saxones,
1160 720 1284 795 gentem

192 823 224 886 in
246 824 356 886 oceani
383 822 525 886 litoribus
555 829 585 886 et
610 820 771 903 paludibus
800 821 891 884 inviis
920 822 1025 901 sitam,
1054 823 1166 887 virtute
1193 830 1285 904 atque

191 931 327 1014 agilitate
349 931 527 1011 terribilem,
551 930 754 1012 periculosam
776 930 920 994 Romanis
943 930 1071 1011 linibus,
1094 933 1286 1013 eruptionem

191 1060 302 1125 magna
323 1043 404 1107 mole
425 1042 606 1106 meditantes
624 1043 657 1104 in
684 1041 758 1122 ipsis
780 1042 967 1104 Francorum
981 1040 1090 1105 linibus
1105 1041 1286 1124 oppressio.

191 1151 266 1214 lnde
289 1152 396 1216 salsam
417 1151 633 1235 etymologiam
656 1153 695 1215 de
717 1152 804 1235 cuius
827 1151 926 1215 altiori
948 1152 1079 1231 ratione,
1104 1151 1289 1215 aWaclrer-

190 1261 313 1345 nagelio
337 1264 386 1339 (in
403 1262 524 1343 Hauptii
547 1263 705 1326 annalibus
727 1262 913 1326 litteraturae
931 1263 1132 1326 Germanicae
1156 1263 1288 1326 ton.vl.

191 1390 221 1454 p.
237 1373 285 1435 15.
298 1390 365 1453 sqq.
381 1373 498 1453 lipsa.
511 1370 601 1435 1847.
616 1372 722 1449 editis)
738 1373 851 1453 optime
870 1372 1008 1452 exposita
1030 1371 1106 1434 nibil
1127 1374 1289 1452 suspicans

194 1480 279 1544 dedit
299 1480 407 1549 isidor.
418 1482 513 1564 Elpm.
531 1481 583 1543 ΙΧ.
597 1484 625 1545 Q.
639 1491 668 1559 s.
682 1480 749 1544 100.
767 1481 949 1546 eddreval.
966 1482 1138 1563 ,Saxonum
1158 1500 1237 1564 gens
1255 1484 1288 1545 in

193 1589 303 1653 occani
324 1588 466 1653 litoribus
488 1597 519 1653 et
539 1589 698 1672 paludibus
720 1591 812 1654 inviis
839 1592 916 1670 sita,
944 1591 1056 1655 virtute
1078 1598 1169 1673 atque
1196 1591 1291 1673 agili-

194 1704 255 1762 tate
276 1698 397 1762 habilis.
429 1699 512 1763 unde
537 1706 568 1762 et
587 1699 754 1780 appellata,
778 1699 859 1780 quod
881 1699 922 1762 sit
943 1698 1050 1763 durum
1073 1706 1104 1763 et
1130 1698 1293 1762 validissi-

193 1826 273 1871 mum
294 1826 394 1891 genus
415 1808 572 1872 hominum
595 1815 626 1872 et
646 1815 805 1890 praestans
827 1809 938 1873 ceteris
961 1810 1129 1891 piraticis.“
1142 1814 1162 1851 ἤ
1187 1810 1291 1873 Pacat.

193 1935 305 2000 paneg.
314 1917 467 1982 l'beodos
479 1918 508 1981 d.
523 1938 589 2000 cap.
603 1921 632 1982 5.
648 1919 752 1998 „Quae
773 1919 895 1983 Rhenus
919 1925 970 1982 aut
980 1919 1105 1982 Vahalis
1127 1918 1211 1999 vidit,
1228 1937 1290 2003 ag-

194 2028 343 2111 grediar?
363 2028 424 2092 iam
446 2047 481 2093 se
505 2029 578 2091 mihi
595 2029 764 2092 Sarmatica
786 2029 882 2092 caede
903 2029 1089 2111 sanguineus
1111 2028 1190 2092 lster
1208 2029 1295 2092 obii-

195 2137 266 2199 ciet.
294 2137 451 2201 ·Attritam
473 2137 666 2218 pedestribus
696 2136 820 2219 praeliis
845 2138 999 2201 Bataviara
1022 2138 1182 2201 reseram?
1210 2138 1294 2203 Saxo

196 2249 392 2329 consumptus
418 2248 509 2310 bellis
530 2247 691 2311 navalibus
714 2247 871 2311 offeretur.
894 2248 1082 2312 >liebertum
1106 2249 1143 2312 ad
1165 2249 1296 2330 paludes

195 2374 267 2421 suas
288 2358 412 2422 Scotum
435 2356 568 2439 loquar?
599 2357 772 2438 compulsus
805 2358 837 2419 in
870 2358 1052 2423 solitudines
1079 2358 1165 2421 avias
1193 2359 1296 2422 omnis

196 2466 385 2530 Alamannus
409 2473 439 2529 et
466 2473 595 2548 uterque
617 2468 739 2530 Maurus
763 2473 955 2530 occurrent“.
999 2467 1156 2531 Claudiam.
1173 2468 1212 2530 de
1229 2468 1295 2532 llll.

198 2595 285 2641 cons.
297 2576 426 2640 Honorii
445 2577 490 2653 li.
507 2576 557 2640 98.
570 2593 637 2658 sqq.
652 2575 690 2639 de
712 2576 888 2640 Theodosio
912 2577 1047 2656 comite,
1069 2576 1236 2641 Theodosii
1256 2578 1297 2643 td.

151 2723 157 2730 -
198 2687 265 2752 sive
287 2692 375 2767 patre
397 2685 463 2748 sive
485 2690 610 2767 patruo:

399 2831 784 2861 ..........
822 2777 1022 2866 debellatorque
1040 2797 1159 2850 britanni

397 2892 494 2944 Litoris
515 2907 546 2943 ac
565 2893 663 2960 pariter
683 2892 787 2945 Boreae
807 2901 924 2946 vastator
943 2901 970 2946 et
989 2895 1087 2946 Austri.

399 2989 467 3053 Quid
485 2990 558 3057 rigor
576 2996 699 3040 aeternus
717 2989 796 3054 coeli,
816 2990 878 3058 quid
897 2990 982 3043 nidera
998 2997 1109 3057 prosunt

400 3085 575 3153 lgnotumque
597 3085 712 3136 iratum?
730 3085 885 3137 maduerunt
903 3087 1007 3139 Saxone
1025 3086 1084 3139 fuso

402 3180 525 3247 Orcades,
545 3181 655 3233 incaluit
673 3181 804 3234 Pictorum
823 3179 953 3252 sanguine
971 3182 1062 3249 Thule,

400 3278 538 3331 Scotorum
558 3277 676 3329 cumulos
696 3277 771 3329 flovit
789 3262 910 3345 placinlie
930 3278 1031 3332 lerne“.

202 3379 232 3437 et
255 3371 293 3438 de
316 3373 427 3438 eodem
448 3373 481 3436 in
504 3374 603 3437 Carra.
618 3374 656 3437 de
671 3379 752 3453 nupt.
765 3373 894 3437 llonorii
914 3381 945 3439 et
962 3374 1077 3438 blariae
1088 3376 1132 3451 pl.
1146 3376 1217 3440 219.
1230 3392 1300 3460 sqq.

402 3483 548 3554 „Quicquid
568 3499 633 3535 avae
652 3482 742 3535 senior
760 3484 849 3536 lirano
867 3483 911 3536 rel
929 3485 1033 3538 Saxone
1052 3486 1139 3550 ricula,

403 3579 533 3649 Quicquid
552 3579 584 3631 ab
604 3580 756 3645 innumeris,
775 3581 849 3632 socio
869 3579 1017 3633 Stilichone
1035 3581 1196 3647 tremendus,

404 3677 541 3740 Quaesivit
561 3678 668 3746 genitor
686 3675 764 3729 bellis
777 3712 964 3730 .....
967 3686 980 3714 ‘³

204 3771 372 3836 llonorium
393 3772 489 3836 Roma
511 3771 569 3836 dea
591 3791 638 3853 ap.
655 3772 811 3837 claudian.
824 3773 855 3836 in
865 3773 989 3855 Eutrop.
1004 3775 1028 3838 1.
1036 3775 1082 3853 li.
1092 3773 1163 3838 391.
1177 3792 1245 3857 sqq.
1255 3776 1304 3840 sic

205 3880 382 3964 alloquitur:

405 4026 612 4059 ......
635 3994 765 4057 Quantum
784 3999 811 4045 te
828 3995 948 4061 principa
968 3995 1066 4062 possim

280 4224 311 4295 a)
332 4222 483 4276 llrorwitba
502 4221 536 4274 de
554 4224 636 4291 gestie
656 4223 793 4276 0ddonum
810 4238 852 4290 ap.
863 4223 977 4275 Reuber.
990 4239 1016 4290 p.
1029 4223 1087 4276 163.
1101 4221 1215 4288 „claram
1235 4239 1307 4294 gen.

208 4326 260 4375 tem
276 4321 420 4388 Saxonum,
439 4334 535 4372 nomen
547 4318 687 4374 habentem
699 4334 788 4374 uraxo
798 4335 846 4389 per
858 4319 982 4372 duritiem
993 4320 1087 4372 mantia
1099 4317 1169 4372 bene
1179 4318 1307 4376 lirmurn‘.

197 4518 1334 4561 w!
