2918 4914
115 232 1341 297 ‘mmm

238 416 305 466 oux
318 414 497 464 omnuim
512 413 537 461 r.
560 413 601 461 m
628 412 697 460 rao.
711 390 811 462 109&
826 395 898 477 pb.
961 416 1029 463 rao.
1046 393 1147 464 rw.
1176 388 1268 471 845?
1320 301 1342 368 ι

164 484 174 512 h

160 530 1268 579 .------p—-—-—------..

164 614 354 698 Vangiones,
378 631 458 697 nunc
481 611 769 692 Wormensienses,
792 612 904 692 quibus
926 592 1194 693 praelectus'erat
1216 614 1268 677 hic

162 723 232 786 Dux
260 724 383 802 [immo,
413 724 557 787 Nemetas
581 722 821 805 Vangionesque
852 723 1062 804 praefecturas
1094 726 1150 788 sub
1180 724 1268 786 Duce

160 834 408 916 Mogontiacensi
423 833 604 895 constitutas
618 831 773 913 habuisse,
788 839 892 913 aperte
906 839 1035 897 testatur
1049 831 1266 916 capXXXlX.

161 944 266 1020 §.ln
288 963 399 1007 numm.
421 943 452 1006 4.
467 949 497 1007 el
517 943 696 1031 6.]„quem
719 944 750 1004 in
778 941 883 1005 indice
904 943 1037 1007 Notitiae
1060 950 1102 1025 [p.
1118 946 1164 1008 δ’.
1181 946 1208 1021 i.
1224 942 1267 1024 7.,

163 1054 486 1137 itemp.93*.i.18.]
510 1054 750 1136 praenominatis
772 1054 907 1117 annectit
915 1075 925 1132 3
949 1054 1004 1119 sed
1029 1054 1095 1118 eius
1120 1054 1266 1146 insignia,

162 1163 264 1229 officia
286 1164 459 1245 militesque
487 1162 711 1246 praetermittit.
764 1162 849 1227 Prius
873 1163 954 1227 enim
983 1164 1095 1228 Franci
1124 1183 1192 1228 eam
1214 1184 1269 1228 re-

149 1276 286 1358 gionem
310 1280 522 1338 vastaverant:
546 1274 648 1354 itaque
669 1279 814 1336 cessante
835 1273 895 1334 boc
916 1273 1014 1354 Duce,
1040 1270 1093 1336 vix
1113 1273 1183 1337 ltux
1202 1279 1269 1337 tra·
1419 1344 1424 1351 ,

165 1391 231 1449 ctus
256 1385 537 1469 Magantiaoensis,
569 1389 600 1446 el
624 1383 735 1448 Comes
757 1384 1032 1466 Argentoratensis
1063 1384 1094 1446 in
1121 1403 1158 1448 ea
1189 1403 1267 1466 pro·
1384 1418 1387 1424 ·

162 1494 264 1558 vincia
287 1495 428 1558 hostibus
451 1493 646 1557 resistebant.
690 1493 815 1557 Domum
842 1492 925 1555 circa
942 1511 1055 1556 annum
1070 1491 1176 1556 salutis
1191 1490 1265 1558 450.

160 1622 314 1668 succenso
336 1604 374 1666 ab
397 1603 490 1666 Attila
513 1603 692 1667 Hunnorum
713 1604 800 1687 Rege
823 1602 980 1684 Magantia
997 1602 1180 1667 Germaniae
1201 1603 1268 1685 pri-

161 1733 230 1778 mae
250 1713 424 1795 metropoli,
449 1720 540 1795 atquo
552 1714 772 1796 Argentorato,
793 1711 884 1774 etiam
905 1729 1013 1775 eorum
1027 1713 1138 1778 Gomes
1155 1720 1186 1776 el
1199 1712 1268 1775 Dux

162 1843 234 1888 esse
259 1824 428 1889 desierunt.
473 1824 575 1898 Quare
604 1823 693 1886 buius
724 1840 845 1904 quoquc
874 1822 1055 1902 provinciae
1082 1823 1175 1886 Ducis
1197 1841 1267 1885 oum

163 1933 347 2017 insignibus,
371 1932 486 2011 ollicia,
511 1939 541 1994 et
562 1933 681 1996 numeri
704 1931 909 1995 omittuntur“.
937 1930 993 1994 Vel
1016 1930 1193 1994 Paneirolus
1215 1933 1267 1994 vi-

163 2043 247 2107 disse
271 2042 411 2121 debebat,
434 2044 552 2106 Ducem
572 2059 636 2106 non
658 2060 728 2105 esse
751 2041 818 2105 sine
841 2041 879 2103 iis
896 2041 947 2122 qui
971 2042 1175 2120 ducerentur3
1198 2041 1266 2122 sed,

161 2158 195 2216 ut
210 2170 279 2216 cum
290 2151 532 2235 Lichtenbergio
555 2157 663 2214 nostro
686 2150 806 2232 loquar,
830 2150 889 2213 sibi
902 2150 1029 2213 cultrum
1048 2151 1099 2214 ille
1117 2151 1185 2213 sine
1198 2171 1267 2214 ma-

162 2262 274 2325 nubrio
297 2263 470 2343 laminaque
491 2248 594 2325 lecitf
610 2262 683 2325 Tum
695 2260 859 2324 Ptolemaei
873 2260 1043 2341 Dionisque
1056 2259 1155 2324 Cassii
1177 2261 1266 2325 locos

161 2371 263 2453 paullo
298 2377 368 2453 post
391 2371 583 2434 exhibendos
613 2369 752 2450 profert,
777 2368 891 2433 deinde
920 2369 968 2441 sic
987 2370 1105 2452 pergit:
1133 2371 1266 2449 ,Harum

161 2481 346 2564 [legionum]
372 2480 451 2545 lorte
473 2494 546 2562 pars
567 2498 665 2561 nsque
687 2481 725 2543 ad
748 2479 882 2544 Notitiae
911 2485 1048 2560 tempora
1076 2479 1108 2541 in
1137 2477 1268 2542 Germa-

160 2592 215 2674 nia
238 2592 336 2673 prima
360 2592 547 2672 permansit3
570 2589 626 2654 sed
650 2610 686 2654 ea
708 2608 724 2651 a
750 2589 893 2653 barbaris
917 2596 981 2652 tota
1003 2608 1083 2671 pene
1105 2596 1266 2671 occupata,

161 2702 227 2765 eius
249 2701 319 2765 Dux
349 2720 419 2764 cnm
448 2701 593 2764 militibus
624 2719 694 2764 esse
727 2700 837 2764 desiit.
853 2748 860 2762 .
877 2749 883 2762 .
899 2700 1082 2765 Germaniae
1110 2701 1269 2784 secundae

160 2809 261 2872 nullus
283 2811 353 2902 Dux
377 2811 408 2872 in
431 2810 576 2874 universa
598 2810 712 2876 Notitia
728 2810 920 2873 nominatur:
943 2809 993 2872 vel
1010 2811 1183 2892 quodunus
1198 2810 1268 2875 Dux

160 2927 311 3001 utrunque
334 2920 528 2983 Germaniam
555 2922 634 2984 tueri
665 2921 738 2983 olim
768 2921 1001 3000 consuevisset,
1024 2920 1075 2985 vel
1099 2922 1183 3002 quod
1205 2928 1270 2985 tota

162 3048 201 3092 ea
230 3030 392 3112 provincia
422 3048 439 3091 a
462 3030 606 3093 Barbaris
631 3030 850 3093 detineretur&
882 3032 986 3111 immo,
1010 3050 1048 3094 ex
1072 3039 1181 3095 neutra
1208 3032 1269 3094 ba-

164 3157 230 3202 rum
248 3157 437 3218 caussarum,
462 3140 517 3202 sel
535 3139 617 3220 quod
632 3141 796 3204 Germania
812 3142 952 3205 Secunda
976 3142 1032 3205 sub
1054 3141 1191 3222 ipsorum
1201 3141 1270 3206 Ma-

162 3249 329 3333 gistrorum
352 3248 478 3313 Militum
505 3249 634 3330 imperio
664 3256 747 3329 crat,
771 3253 822 3332 qui
842 3269 897 3332 pro
920 3251 1106 3314 necessitate
1128 3268 1269 3314 commo-

162 3359 332 3440 ditateque,
357 3359 409 3422 ubi
433 3376 496 3420 nnn
518 3339 696 3421 sufficerent
714 3360 765 3440 qui
789 3364 935 3440 perpetuo
959 3354 1154 3441 legionibus,
1177 3359 1270 3422 auxi-

162 3469 222 3548 liis,
236 3470 384 3548 numeris,
399 3469 561 3547 classibus,
576 3469 665 3531 Lens
680 3469 828 3550 praelecti
844 3475 942 3549 erant,
961 3470 1114 3549 militares,
1126 3476 1268 3535 rectores

163 3579 343 3660 provinciae
362 3579 567 3661 praesidiisve
590 3579 792 3660 imponerent.
821 3579 966 3643 Gentiens
989 3581 1019 3641 in
1042 3580 1119 3644 alios
1144 3597 1269 3646 errores

162 3688 355 3751 l‘ancirolum
375 3691 401 3751 is
423 3707 501 3752 unus
527 3705 617 3751 error
640 3688 776 3768 abduxit,
800 3690 882 3776 quod
908 3675 1010 3753 buius‘
1022 3691 1156 3783 Notitiae
1181 3709 1270 3754 com-

120 3822 123 3828 ’
160 3797 347 3879 positionem
370 3798 472 3861 medio
498 3798 618 3869 demum
642 3799 767 3862 saeculo
793 3798 898 3878 quinto
920 3818 948 3880 p.
962 3799 1033 3862 Gbr.
1050 3818 1079 3894 n,
1091 3786 1268 3881 adscripsit.

160 3906 230 3969 Non
257 3925 384 3989 possum
408 3908 480 3988 quin
509 3907 668 3970 hocloco
698 3908 874 3971 nonnullos
902 3909 1074 3973 versiculos
1106 3908 1269 3973 insolentis

161 4016 338 4079 iactationis
353 4017 461 4098 plenas
485 4037 524 4080 ex
545 4018 716 4081 Mamertini
733 4036 845 4101 paneg.
855 4019 1040 4082 Maximiano
1054 4020 1092 4082 A.
1104 4020 1188 4082 dicto
1202 4039 1228 4082 c.
1237 4020 1267 4083 7.

166 4126 327 4190 exhibeam
348 4128 520 4208 iisdemque
543 4129 621 4191 alios
640 4128 812 4192 nonnullos
837 4148 875 4191 cx
893 4114 1151 4211 Salviano'quasi
1169 4147 1269 4212 oppo-

164 4255 245 4299 nam.
272 4243 363 4318 alque
384 4237 435 4300 illo
459 4237 522 4319 „Tu
537 4238 650 4318 primus
667 4237 801 4301 omnium
817 4238 1052 4318 imperatorum
1065 4240 1164 4322 inquit
1173 4256 1270 4321 „pro-

160 4345 241 4410 hasti
265 4348 393 4412 Romani
417 4348 537 4429 imperii
559 4348 672 4411 nullum
695 4367 765 4412 esse
788 4348 959 4430 terminum,
982 4349 1042 4414 nisi
1065 4351 1116 4431 qui
1136 4351 1267 4413 luorum
