2918 4914
241 241 299 359 ἶ.

316 386 408 459 528*
461 407 634 457 nonomen
653 404 728 454 nor.
743 402 815 451 oca.
839 402 1022 451 cararum
1041 402 1147 451 conus
1171 402 1311 452 araneae.

316 608 405 686 558.)
428 605 619 671 Numidicum
642 603 785 685 oppidum
809 608 868 681 est,
891 606 924 663 ut
944 602 985 665 de
1003 608 1134 683 utroque
1157 601 1196 666 ad
1217 601 1247 665 h.
1270 602 1289 664 Ι.
1314 600 1415 682 expli-

316 715 446 780 candum
468 715 607 797 cogitare
626 713 679 776 vix
700 713 812 776 ausim.
828 717 965 776 ceterum
987 712 1013 776 si
1033 713 1063 789 i.
1079 728 1125 794 sq.
1149 730 1205 794 pro
1223 710 1415 774 Toblctenaia

314 825 478 909 legendum
501 829 584 889 esset
602 820 816 901 ratrammo,
839 828 871 884 ut
884 822 962 886 haec
982 822 1108 885 limitum
1127 822 1317 886 enumeratio
1339 839 1416 886 ver-

174 998 182 1009 *
313 953 366 999 sus
395 934 544 998 orientem
572 938 765 1013 recurreret,
789 937 851 994 tum
879 931 960 995 hunc
990 950 1111 1014 quoque
1129 933 1158 1009 i.
1182 932 1221 995 de
1249 931 1413 997 Numidico

314 1045 427 1127 oppido
450 1044 539 1107 Culta
560 1042 717 1124 accipiens
740 1041 827 1125 legas
848 1042 991 1106 fortassis
1013 1041 1101 1106 Cotta
1121 1042 1323 1106 montensi-aa.
1339 1040 1416 1105 Gol-

313 1153 529 1235 lttntaprterttt‘a.
561 1152 635 1216 Ptol.
650 1151 795 1233 lV.T(3).
819 1149 933 1232 „Mart
955 1150 1014 1227 τὰς
1042 1153 1102 1216 τοῦ
1130 1146 1288 1236 ’Aprrper'yo
1313 1173 1416 1215 ποτα-

311 1264 377 1343 μοῦ
402 1257 536 1342 ἐκβολὰς
558 1261 759 1341 Νουμιδικοῦ
787 1258 903 1325 abinoe
926 1259 943 1325 b
966 1238 1085 1344 parpgo'c,
1113 1261 1250 1344 Kbttop
1271 1262 1371 1345 μέγας
1393 1253 1416 1345 ἢ

313 1370 495 1434 Kodllou.“

213 1542 216 1547 .
399 1516 440 1529 -
460 1481 489 1556 i.
516 1481 577 1559 tu]
606 1477 797 1543 Toblcteaaia
822 1496 918 1543 enata
937 1496 1011 1543 eres.
1031 1486 1061 1543 et
1079 1487 1139 1541 rte.
1176 1480 1210 1543 lt.
1228 1478 1300 1543 Ant.
1314 1498 1343 1561 p.
1358 1477 1413 1543 te.

312 1589 364 1653 50.
382 1587 512 1653 Tubalto
533 1588 692 1669 (lutura,
709 1586 868 1668 Thebaite,
895 1586 1065 1666 Tbaabolte,
1085 1586 1235 1668 Tasbalta,
1251 1586 1413 1671 Tbebalta)

311 1698 394 1764 inter
414 1700 595 1782 provinciae
616 1699 797 1781 Byzacenae
819 1698 931 1780 oppida
953 1697 1087 1763 medium
1103 1698 1415 1780 interSeptimuniaia

315 1826 341 1873 s.
377 1810 585 1892 Septiminicia
618 1810 876 1891 lilacomadesque
902 1827 939 1873 ac
969 1808 1070 1873 Cellas
1102 1808 1275 1874 Picentinae
1307 1809 1412 1890 habet,

311 1918 405 1983 hodie
421 1918 579 2001 Tarsouab
590 1919 647 1998 (cl.
660 1920 820 1983 arunsvt.
830 1939 858 2001 p.
869 1918 959 1998 393.)
969 1918 1136 1983 secundum
1146 1920 1248 2002 Lapie.
1271 1919 1413 1984 lrincSu-

311 2028 371 2093 rita
394 2030 601 2112 Simlemsque
624 2030 705 2093 hunc
721 2030 859 2094 Limitem
881 2048 992 2094 nomen
1013 2031 1152 2113 gessisse
1174 2030 1409 2108 affirmaverunt,

311 2145 344 2202 at
365 2139 425 2203 sibi
449 2141 508 2222 ipsi
537 2159 601 2204 non
625 2141 848 2218 constiterunt3
875 2158 945 2203 nam
967 2140 1063 2225 adqlt.
1083 2141 1155 2204 Ant.
1174 2160 1203 2222 p.
1224 2142 1275 2204 75.
1297 2155 1408 2201 nornen

313 2246 465 2329 Tabalati,
486 2251 537 2332 qui
558 2251 646 2315 locas
667 2250 747 2333 apud
768 2251 969 2315 Garamantes
993 2252 1024 2313 in
1044 2251 1208 2333 provincia
1224 2248 1411 2331 Tripolitana

309 2356 375 2439 luit,
397 2360 429 2421 in
451 2361 560 2423 itinere
584 2380 602 2424 a
622 2361 752 2442 Tacapis
774 2360 880 2441 Leptin
893 2362 1037 2442 Magnam
1057 2361 1115 2437 (el.
1139 2379 1230 2442 supra
1251 2365 1313 2422 not.
1329 2360 1409 2435 adi.

292 2467 362 2531 ‘ult
374 2486 403 2550 p.
418 2471 484 2533 td.
508 2475 539 2532 et
561 2470 641 2535 inira
665 2470 703 2533 ad
727 2489 756 2552 p.
769 2471 872 2548 asae.
888 2470 941 2533 ult.
964 2477 1055 2563 atque
1076 2469 1211 2536 lloreell.
1229 2469 1252 2531 l.
1265 2486 1293 2550 p.
1305 2468 1411 2549 991),

308 2576 420 2642 iterum
454 2579 492 2643 de
520 2579 582 2643 hoc
615 2581 722 2645 Limite
750 2580 924 2645 Tablatensi
955 2579 1088 2662 loquitur
1119 2581 1237 2660 surita,
1261 2578 1412 2644 Simlerus

311 2693 412 2751 autem
435 2706 470 2753 se
491 2689 632 2755 dubitare
655 2697 790 2770 armotat,
812 2697 911 2754 utrum
934 2690 1015 2755 idem
1037 2711 1074 2771 „a
1101 2690 1198 2754 Tabai
1218 2691 1411 2773 Byzacenae‚

311 2815 351 2861 an
366 2796 495 2861 Tablata
514 2800 721 2882 Tripolitanae
735 2802 915 2884 provinciae
928 2801 1004 2866 urbe
1018 2820 1131 2865 nomen
1147 2801 1284 2866 habeat“.
1312 2801 1413 2865 Etiam

311 2907 491 2972 Paneirolus
514 2910 693 2976 inaccurata
714 2929 770 2993 pro
796 2929 852 2976 suo
876 2928 963 2976 more
991 2911 1115 2991 scripsit
1135 2929 1171 2990 „a
1197 2908 1325 2973 Tablota
1353 2927 1413 2991 op·

309 3016 394 3099 pido.
442 3017 574 3082 Tabtata
594 3020 670 3104 legit
690 3023 806 3104 [immo,
826 3038 889 3084 non
911 3020 999 3104 legit]
1022 3020 1226 3099 Itinerarium,
1249 3018 1301 3081 ubi
1322 3036 1413 3081 man-

311 3127 360 3190 sio
383 3145 491 3191 cursus
512 3130 628 3212 publici
651 3131 717 3194 tuit.
765 3128 949 3193 Tbaabalam
969 3130 1005 3192 Ι).
1028 3129 1197 3211 Cyprianus
1218 3134 1248 3191 et
1262 3128 1414 3210 Augusti-

309 3253 368 3299 nus
397 3236 560 3320 appellant.
613 3239 741 3303 Africae
769 3240 913 3322 propriae
942 3238 1016 3302 urbs
1045 3237 1129 3301 tulit
1173 3234 1412 3319 Marcelliusque

308 3346 349 3424 (l.
367 3363 396 3429 p.
413 3348 502 3426 292.)
526 3348 565 3411 ad
589 3367 619 3411 v.
647 3347 825 3411 Tablenais:
858 3350 970 3429 „Vicus
992 3347 1176 3430 oppidumve
1201 3347 1412 3413 Mauretaniae

309 3457 522 3523 Caesariensis
545 3458 602 3522 luit
625 3457 739 3537 Tabia,
769 3477 846 3540 quae
877 3466 908 3524 et
935 3457 1011 3522 Tcla
1042 3458 1192 3540 appellata
1218 3457 1348 3521 videtur.
1379 3458 1411 3521 id

309 3586 349 3629 ex
369 3567 483 3631 Notitia
505 3568 652 3633 discimus
676 3570 723 3649 [C.
740 3570 802 3635 aS.
816 3570 1028 3652 Paul.p.114.‚
1047 3567 1410 3651 Binghporenoap:

311 3676 414 3759 itaque
441 3678 518 3742 nihil
539 3679 601 3744 huc
625 3679 758 3762 pertinet
778 3679 881 3743 Limes
906 3677 1114 3754 nazarenae,
1145 3696 1234 3759 quem
1255 3677 1414 3741 indicabat

308 3786 508 3853 Holstenius:
527 3808 599 3853 nam
619 3789 673 3852 ille
693 3790 725 3852 in
750 3790 860 3853 linibus
880 3788 1060 3871 provinciae
1072 3788 1253 3870 byzacenae
1269 3793 1320 3851 aut
1334 3787 1414 3851 Pro·

310 3897 483 3963 consularis
507 3898 639 3980 erat[‘l]‚
662 3916 722 3964 nec
746 3900 797 3982 qui
820 3899 853 3960 in
875 3897 1059 3979 Tripolitana
1083 3897 1277 3977 censebatur,
1294 3903 1325 3960 et
1348 3894 1414 3958 Ta-

309 4004 471 4070 laluteneia
493 4006 686 4073 audiebat..
709 4014 845 4073 ceterum
867 4007 905 4071 de
932 4005 1027 4069 Tabia
1048 4007 1123 4069 nihil
1149 4006 1320 4090 geographi
1344 4010 1414 4068 tra-

281 4198 284 4204 ,
308 4114 446 4180 didere“.
492 4114 721 4197 Wesselingius
744 4118 782 4182 ad
806 4116 840 4179 lt.
857 4115 930 4180 Ant.
949 4134 978 4197 p.
998 4117 1048 4180 75.
1068 4115 1234 4198 prudenter
1256 4116 1287 4178 in
1308 4113 1410 4178 medio

305 4222 447 4307 reliquit,
471 4231 541 4290 uter
567 4224 719 4288 ltinerarii
747 4226 835 4289 loeus
862 4225 934 4289 huie
954 4225 1053 4290 Limiti
1077 4243 1190 4289 nomen
1212 4224 1353 4304 dederit,
1384 4224 1412 4287 si

305 4332 432 4415 qudem
456 4336 495 4399 ab
519 4334 615 4400 altero
638 4352 751 4401 nomen
771 4334 897 4414 habuit3
918 4334 1095 4399 blannerlus
1112 4334 1167 4414 (Χ.
1178 4336 1207 4401 2.
1222 4352 1251 4416 p.
1267 4332 1354 4413 149.)
1372 4332 1413 4399 de

16 4490 120 4608 x
142 4538 145 4543 ¹
247 4542 742 4589 dmm-W
