2918 4914
163 207 1419 330 r———z-——mu

149 392 154 400 .
239 348 1340 429 1034*eruor.iaromocccurm..rmarosrrvmarmomrsrmra.

235 591 341 666 pocta,
366 605 405 650 ex
428 585 537 668 quibus
559 586 637 648 vicis
659 585 726 648 iera
748 584 1050 648 vituperasse
1073 585 1256 649 distantibus
1278 584 1342 664 hie,

235 693 396 775 Conposta,
423 696 490 760 fere
511 696 581 760 xlx
601 696 639 758 Μ.
653 696 696 774 Ρ.,
719 695 771 757 ilie
801 694 883 758 Xilll
905 695 944 758 hi.
963 694 993 756 P.
1017 712 1140 758 caurum
1171 712 1282 758 versus
1304 694 1344 757 ab

234 805 369 886 Astorpa
391 805 493 885 distat,
521 807 541 868 i.
555 826 582 869 a.
597 806 680 869 mulla
702 805 849 868 montium
874 805 1143 887 deviationumque
1169 804 1271 868 hahita
1286 822 1345 867 ra-

235 914 338 977 tione:
361 915 436 978 satis
458 916 537 978 bene
560 916 678 978 numeri
701 915 821 996 utrique
845 916 953 978 harum
974 914 1195 978 sententiarum
1219 930 1343 976 conve-

234 1025 336 1104 niuut,
361 1024 416 1088 sed
439 1043 553 1088 vercor
571 1044 609 1088 ue
632 1026 708 1088 situs
732 1025 872 1088 locorum
895 1033 924 1089 et
946 1026 1015 1089 viae
1037 1026 1075 1090 ah
1105 1023 1267 1088 itinerario
1291 1022 1344 1085 in-

235 1133 358 1198 dicatae
377 1141 503 1215 tractus,
522 1154 610 1215 quam
634 1153 696 1197 non
719 1135 855 1216 Minium,
879 1135 935 1198 sod
957 1136 1059 1217 potius
1080 1135 1208 1198 Durium
1230 1148 1343 1196 versus

234 1242 383 1308 directam
405 1245 503 1308 fuisse
524 1250 658 1326 apparet,
683 1252 789 1308 contra
812 1246 937 1309 iaciant.
967 1245 1140 1310 Secundum
1158 1242 1342 1308 Ceam-Ber-

233 1355 342 1417 mudez
365 1373 393 1436 p.
408 1354 479 1418 905.
500 1353 684 1435 Vonunca'aa,
709 1374 799 1437 quam
824 1356 926 1418 vicum
956 1355 1087 1419 eundem
1110 1374 1180 1419 essa
1204 1353 1342 1432 conicio,

233 1469 324 1545 atque
352 1482 445 1545 supra
470 1464 584 1527 dictum
611 1462 753 1527 Vaaeuaa
774 1473 861 1545 (uam
882 1467 914 1528 ta
935 1464 1064 1529 Badera
1084 1465 1121 1527 ad
1148 1465 1344 1527 conduentes

233 1573 345 1636 Paerto
367 1581 398 1639 et
419 1570 511 1654 Oaija
533 1576 644 1639 duvios
667 1576 794 1657 propior
816 1583 862 1639 est
885 1577 1067 1655 Asturiaae,
1091 1593 1181 1655 quam
1204 1580 1237 1636 ut
1258 1573 1344 1635 hunc

233 1683 271 1748 ah
295 1684 457 1748 itinerario
484 1684 540 1747 suh
565 1684 722 1748 Patavouii
745 1686 896 1748 vocabula
919 1685 1053 1748 indicari
1071 1692 1178 1765 putare
1201 1682 1344 1761 liceret),

233 1791 361 1874 „puchta
384 1793 421 1855 dc
447 1793 479 1855 ta
498 1793 663 1873 prouincia
686 1793 723 1854 de
744 1792 828 1856 Lean
847 1815 885 1856 aa
912 1794 944 1856 to
959 1793 1165 1873 jurisdiccioa
1186 1792 1223 1854 de
1247 1790 1345 1854 Vaca-

234 1903 377 1982 mariaa“‚
397 1902 596 1966 Petavonium
621 1903 771 1967 itinerarii
796 1909 861 1981 ost;
883 1903 939 1966 sad
961 1902 1039 1966 ialso
1061 1902 1103 1965 ihi
1122 1903 1344 1983 scriptumest,

233 2014 271 2078 ab
301 2014 368 2099 hoq
392 2014 553 2078 itinerario
577 2014 746 2096 Superatiis
770 2015 871 2077 locum
899 2014 1049 2091 adscribi,
1080 2012 1161 2094 quod
1191 2030 1209 2075 a
1239 2010 1345 2074 Ptole-

233 2143 322 2190 maeo
345 2126 537 2189 factumest.
581 2125 778 2207 Antiquitatis
808 2124 942 2209 vestigia
963 2141 1129 2205 superesse
1151 2139 1214 2186 uon
1244 2121 1343 2185 refert

232 2236 369 2317 scriptor
390 2236 553 2318 Hispanus.

318 2384 357 2395 -
369 2348 415 2423 hd.
433 2349 481 2409 15.
495 2356 556 2427 sq]
579 2346 624 2409 De
640 2344 812 2410 differentia
835 2343 1007 2407 cohortium
1023 2343 1207 2408 Gallicarum
1224 2349 1254 2406 et
1268 2341 1346 2406 Gal-

152 2535 158 2545 ,
235 2457 333 2521 lorum
356 2462 386 2520 et
411 2454 521 2519 dehis
557 2456 631 2536 ipsis
656 2455 809 2538 disputavi
832 2473 860 2535 p.
875 2453 962 2517 914.
974 2455 1012 2517 ad
1034 2473 1063 2536 p.
1077 2452 1218 2531 ninid.
1232 2451 1279 2515 10.
1294 2469 1342 2533 sq.

235 2565 388 2648 Legiones
414 2564 550 2629 Gallicae
570 2565 744 2646 complures
768 2566 908 2644 suerunt,
931 2571 964 2627 ut
985 2548 1034 2631 ld.
1048 2549 1273 2643 liddhffl,
1287 2560 1344 2626 sed

238 2674 404 2738 Cohortem
417 2672 564 2737 Gallicam
584 2675 615 2735 in
639 2675 775 2759 genuino
799 2675 900 2757 lapide
923 2695 972 2738 me
994 2674 1102 2758 legere
1124 2691 1187 2736 noa
1204 2673 1342 2737 memini.

232 2783 403 2866 putaverim
426 2783 507 2845 hanc
540 2801 681 2865 quoque,
707 2784 746 2847 de
772 2804 829 2866 qua
861 2785 911 2848 hic
939 2802 1042 2849 sermo
1073 2789 1137 2864 est,
1169 2783 1342 2862 cohortem,

234 2910 324 2974 quam
343 2909 406 2954 uon
422 2892 587 2953 Gattaccae
608 2891 665 2955 sed
681 2893 820 2954 Gallicae
841 2910 953 2956 nomen
970 2892 1115 2955 hahuisse
1132 2910 1171 2954 ex
1189 2891 1251 2953 hoo
1273 2891 1343 2972 ipso

232 3001 366 3067 Notitiae
388 3001 459 3065 loco
484 3002 559 3066 satis
580 3008 717 3083 apparet,
740 3002 874 3085 legionis
887 2984 954 3067 ΠῙῙ.
975 3002 1129 3081 Gallicae,
1154 3019 1233 3082 quae
1256 2999 1343 3084 legio

235 3112 348 3194 oppido
370 3112 559 3197 luliohrigae
583 3113 839 3194 [ci.h.19.saq.]
859 3113 961 3176 vicino
984 3131 1097 3176 nomen
1128 3111 1213 3175 dedit
1240 3111 1345 3174 stetit-

234 3241 294 3306 que
324 3241 387 3286 uou
411 3223 452 3287 ita
476 3223 584 3305 procul
608 3223 646 3286 ah
670 3223 744 3286 Ehri
773 3223 909 3286 fontibus
939 3241 1035 3304 prope
1063 3222 1112 3284 ias
1134 3220 1344 3284 deaestraaae

233 3332 378 3415 („puchlo
405 3334 454 3395 det
473 3332 598 3413 partido
629 3333 666 3395 dc
689 3333 854 3413 Reiuosa“,
877 3326 1294 3414 aean-Bermudparacc
1312 3349 1343 3413 p.

237 3444 341 3522 182),
363 3449 480 3525 portem
503 3442 610 3506 fuisse.
638 3442 677 3504 ci.
695 3442 776 3505 inira
798 3443 835 3505 ad
859 3440 1174 3523 i.19.v.1utiohriqa
1195 3440 1344 3521 scriptam

234 3559 338 3616 annot.
359 3557 390 3613 et
411 3570 489 3615 sarr.
504 3550 657 3633 Hispanos
679 3551 716 3613 ab
735 3549 849 3614 Uherto
864 3550 899 3614 ll.
919 3555 943 3612 1.
957 3571 986 3632 p.
999 3551 1071 3616 443.
1087 3550 1239 3615 laudatos.
1283 3549 1345 3612 At-

234 3680 293 3743 que
317 3663 364 3725 sic
386 3662 425 3726 de
447 3663 571 3725 uomina
594 3680 715 3743 quoque
741 3661 814 3742 loci,
837 3662 889 3723 uhi
911 3661 989 3725 haec
1011 3662 1125 3725 cohors
1148 3661 1259 3725 stativa
1283 3659 1344 3722 ha.

229 3773 308 3851 huit,
332 3772 441 3854 quihus
464 3791 550 3836 suum
573 3772 638 3853 ipsa
659 3790 772 3835 noman
786 3771 918 3853 reliquit,
941 3772 1136 3835 statuendum
1158 3789 1229 3835 esse
1251 3769 1345 3833 vide-

234 3889 299 3946 tur:
329 3900 399 3945 nam
428 3883 501 3945 Ptol.
519 3883 555 3946 11.
573 3882 667 3960 ὀίὸ).
683 3884 826 3945 Γάλλικα
852 3882 1019 3963 otaou'a,
1050 3883 1133 3966 quod
1158 3880 1343 3946 hodiernum

233 3994 457 4076 Arragoneuse
488 3993 590 4076 Frapc
622 4012 691 4057 esse
720 3994 959 4075 interpretantur
984 3995 1042 4072 (ci.
1058 3993 1163 4057 Uhert.
1180 4011 1209 4075 p.
1225 3989 1299 4056 453.
1313 3996 1344 4057 et
1371 4065 1381 4083 ·

234 4103 480 4168 Ceam-Bermud.
492 4123 521 4185 p.
533 4105 613 4185 143„
636 4103 756 4168 Hassel.
769 4104 909 4185 past),
931 4102 1081 4165 Gallicum
1094 4101 1342 4183 luhmpmsa,

235 4213 317 4295 quod
338 4212 441 4274 Zuera
465 4212 557 4288 [salso
580 4212 688 4274 Zattara
708 4211 813 4276 [ikert.
826 4231 855 4294 p.
864 4213 951 4292 452]
965 4213 1002 4274 ad
1018 4211 1167 4274 Gallicum
1183 4210 1341 4291 (Gatteqa)

234 4325 264 4389 h.
278 4322 414 4402 (Hassal.
432 4323 452 4384 i.
464 4333 510 4403 c.)
526 4341 596 4385 essa
618 4323 725 4385 volunt
747 4324 849 4388 Suritu
871 4322 910 4386 ud
935 4324 968 4386 lt.
982 4322 1003 4384 l.
1017 4342 1045 4384 c.
1059 4329 1090 4386 et
1110 4324 1215 4385 hlarca
1237 4320 1261 4383 l.
1280 4318 1342 4401 13„

170 4380 172 4422 i

170 4426 172 4448 i

1389 4458 1415 4579 d
