2918 4914
95 245 1254 294 ‘W

307 423 438 472 caesa
464 422 505 470 aa
530 393 908 485 raa.119*·lt.23.bll.
925 422 1084 472 aruris·
1129 397 1240 473 tosa*

142 622 306 704 pandisset
329 622 556 700 Gotbolredus,
588 623 688 684 Laetos
721 641 738 684 a
771 623 940 684 Gentilibus
972 623 1115 684 diversos
1148 621 1244 685 luisse

143 736 369 815 conspexisset,
393 754 420 797 e.
432 754 479 818 gr.
494 754 511 796 e
529 736 636 809 lW·
648 753 714 814 sqq.
728 735 815 797 baius
839 754 909 816 pag.
923 741 953 797 et
975 755 1015 797 ex
1037 734 1245 797 collocatione

138 845 403 908 Praefecturarum
429 845 591 907 Gentilium
623 852 692 925 post
724 847 875 907 laetorum
905 846 1088 929 catalogum.
1139 847 1245 926 Neque

141 956 355 1033 Gotbolreda‚
380 957 461 1036 quod
492 959 591 1018 laetos
618 957 648 1017 in
681 956 796 1018 ltaliam
827 974 948 1037 quoquc
981 956 1139 1018 traductos
1175 975 1244 1020 esse

120 1056 284 1148 scripsit,
307 1085 369 1128 non
394 1067 518 1146 obloqui
541 1083 678 1146 nequeo:
705 1066 893 1128 Alamannos
926 1067 1048 1148 quidem
1073 1067 1103 1128 in
1129 1067 1244 1130 ltaliam

144 1177 361 1240 a'lbeodosio
385 1176 496 1238 missos
524 1182 629 1255 postea
653 1175 831 1238 tributarios
853 1175 964 1238 Padurn
986 1176 1242 1239 circumcoluisse

143 1287 323 1349 Ammianus
343 1288 369 1327 ³¹⁸
393 1286 479 1348 tostis
501 1291 561 1360 cst;
584 1285 640 1347 sed
662 1302 724 1345 non
744 1286 915 1364 Lartorurn,
940 1288 1078 1366 quamvis
1101 1286 1245 1367 scriptori

140 1398 222 1461 beno
245 1403 330 1474 nota,
352 1396 408 1459 sed
430 1402 588 1476 captorum
609 1396 762 1457 uocabulo
786 1397 815 1456 in
840 1396 898 1458 bac
922 1398 1118 1460 enarratione
1141 1398 1245 1477 utitur,

141 1513 174 1570 ut
197 1512 341 1587 appareat
364 1524 433 1568 eum
454 1506 493 1568 dc
519 1505 641 1566 colonis
664 1505 831 1567 tributariis
854 1505 937 1585 loqui
955 1510 999 1581 ⁵⁹3
1028 1506 1165 1570 Zosimus
1189 1525 1248 1569 au-

141 1622 219 1694 tem,
240 1615 292 1677 ubi
317 1616 357 1676 de
379 1614 430 1676 illa
455 1615 678 1677 Gerruenorum
700 1613 895 1676 traductione
920 1614 1053 1695 loquitur
1081 1616 1169 1694 (vide
1192 1635 1247 1679 su-

139 1743 195 1806 pra
218 1726 344 1802 mvl),
378 1724 493 1786 auxilio
516 1724 718 1787 barbarorum
742 1744 760 1786 a
783 1724 998 1787 Valentiniano
1020 1727 1091 1806 imp.
1110 1728 1246 1790 numeris

141 1836 325 1898 militaribus
349 1834 573 1915 adscriptorum
605 1835 744 1897 subiecta
765 1835 911 1897 Ronlanis
941 1835 1053 1916 oppida
1081 1854 1134 1916 per
1165 1844 1246 1901 totos

143 1946 308 2010 titanios
337 1964 354 2006 a
377 1945 592 2007 vexationibus
616 1945 920 2007 Transrhenanorum
950 1945 1046 2008 libera
1067 1946 1164 2009 luisse
1193 1966 1247 2009 re-

142 2057 213 2120 fert.
259 2057 365 2135 Neque
387 2055 545 2118 Ausonius
576 2073 644 2116 cum
675 2056 706 2116 in
729 2055 897 2139 gratiarum
921 2056 1043 2117 actione
1065 2074 1091 2118 a.
1102 2055 1174 2121 379.
1190 2057 1248 2119 ba-

142 2167 206 2230 bita
226 2166 265 2230 ad
289 2166 425 2229 Gratiani
449 2166 611 2228 victoriam
635 2165 675 2226 dc
693 2165 908 2227 Lentiensibus
930 2166 1111 2229 Alamannis
1131 2186 1158 2230 a.
1171 2167 1243 2231 377.

143 2282 328 2358 reportatam
353 2283 383 2338 ot
412 2277 449 2338 ab
473 2276 636 2337 Ammiano
657 2274 767 2337 XXXl.
790 2273 836 2337 10.
856 2275 1042 2339 celebratam
1074 2277 1247 2358 respiciens

143 2392 324 2467 „vocarern“
358 2386 509 2449 exclamat
542 2385 792 2464 „Alamannieum
832 2385 1026 2448 traductione
1060 2393 1245 2468 captorum“‚

142 2496 331 2559 Alamannos
361 2497 392 2557 in
415 2496 566 2557 Lautorum
590 2495 807 2557 condicionem
832 2501 995 2575 receptos,
1028 2514 1067 2558 ne
1090 2496 1190 2559 dicam
1214 2497 1246 2560 in

141 2605 259 2670 ltaliam
283 2605 406 2681 missos,
432 2604 547 2666 indicat
563 2606 600 2666 ⁶⁰.
645 2606 731 2679 Quae
753 2622 829 2666 vero
853 2604 893 2667 de
914 2604 1056 2668 barbaris
1076 2606 1108 2668 in
1130 2607 1247 2671 ltaliam

143 2733 264 2797 quoque
290 2735 308 2777 a
333 2716 439 2777 lllarco
461 2715 590 2776 Aurelio
615 2715 761 2778 traductis
791 2721 936 2778 enarrant
956 2714 1015 2777 Dio
1039 2716 1125 2779 Cass.
1140 2717 1245 2782 LXXI.

145 2825 300 2888 11.19.et
323 2811 501 2904 Capitolia
523 2825 603 2888 illius
626 2826 686 2887 vita
711 2845 737 2887 c.
751 2826 813 2904 ab,
837 2825 868 2887 id
891 2843 953 2888 non
977 2825 1016 2887 ad
1037 2828 1136 2890 Laetos
1162 2829 1249 2893 rele-

143 2934 272 2998 rendmu
289 2952 369 3011 esse,
391 2952 491 3015 neque
514 2935 552 2997 ad
566 2935 757 2998 Alamannos
772 2936 928 3017 pertinere
951 2941 1060 3017 sponte
1075 2941 1246 3019 apparetffl.

145 3096 479 3110 --——-———-—

249 3202 283 3265 θ’)
305 3197 418 3250 llllVlll.
429 3200 454 3263 5,
469 3200 509 3250 15.
518 3198 550 3249 ad
562 3199 653 3252 asto.
666 3237 688 3266 „.
699 3199 872 3252 Alamannos
885 3202 972 3269 gantis
993 3209 1055 3253 anta
1065 3202 1152 3255 diotae
1166 3203 1248 3274 [Bar.

144 3294 314 3365 gaudiorum]
338 3302 410 3345 metu
430 3295 564 3361 dispersos
584 3294 725 3362 adgressus
742 3311 790 3362 per
808 3297 914 3348 Raetias
933 3297 1107 3363 Theodosius,
1127 3315 1159 3352 ea
1178 3307 1247 3352 tam.

142 3399 247 3460 pestate
265 3394 392 3459 magister
411 3394 539 3460 equiturn,
558 3390 678 3457 pluribus
698 3394 792 3456 caesis,
812 3407 984 3461 quoscunque
997 3396 1077 3461 capit,
1096 3397 1128 3446 ad
1145 3394 1246 3449 ltaliam

142 3491 216 3541 iussu
236 3490 362 3556 principis
376 3491 457 3553 misit,
477 3489 522 3539 ubi
540 3487 673 3539 fertilibus
693 3491 768 3557 pagis
787 3491 905 3555 acceptis
924 3491 975 3541 ianr
989 3491 1118 3543 tributarii
1132 3494 1247 3545 circum·

144 3586 237 3638 colunt
247 3586 369 3637 raauma.
394 3583 434 3637 Gi.
443 3587 521 3637 etiam
535 3585 601 3637 xlx.
612 3585 685 3650 tuo.
695 3593 722 3637 et
732 3586 813 3637 llllll.
823 3586 847 3651 3,
856 3587 881 3637 3.
987 3590 1021 3656 ⁵⁹)
1043 3587 1184 3641 Nobiscum
1204 3590 1247 3642 la.

143 3685 179 3735 cit
198 3685 277 3735 etiarn
297 3682 485 3749 Zumpt.p.3l.
624 3682 659 3750 ⁶⁰)
679 3681 863 3732 Nihilominus
883 3696 981 3733 trovam
1001 3683 1138 3738 consulem
1157 3686 1247 3740 verbis

143 3795 280 3845 „vocarem
292 3779 474 3830 Germanicum
495 3778 629 3830 deditione
648 3778 804 3848 gentilium‘¹
825 3787 852 3830 ot
873 3779 1021 3842 „vincendo
1040 3788 1067 3831 et
1083 3781 1247 3851 ignoscendo

142 3877 329 3930 Sarmaticam
351 3875 479 3927 laetorum
506 3875 718 3927 Germanicorum
745 3875 941 3944 Gentiliumqae
968 3877 1142 3930 Sarmatarum
1171 3896 1244 3932 men·

143 3975 241 4025 tionem
262 3974 386 4024 iniecisse
411 3975 568 4040 putaverim.
615 3972 712 4023 Contra
731 3972 869 4040 Zumptias
888 3973 905 4025 l.
922 3990 944 4025 c.
963 3973 1074 4026 colonos
1093 3976 1247 4030 tributarios

142 4084 233 4123 omnes
251 4070 335 4122 iactos
354 4084 414 4121 osse
432 4071 629 4136 interpretatur.
738 4071 773 4136 θ’)
799 4070 874 4133 Quod
895 4072 1046 4138 nuperrimo
1065 4072 1099 4125 de
1118 4073 1245 4126 Alaman-

140 4170 182 4220 nis
201 4170 281 4219 etiarn
301 4168 328 4217 in
346 4167 453 4218 sinistra
472 4165 556 4217 llbeni
575 4168 632 4232 ripa
653 4164 751 4217 laeticas
766 4173 847 4218 terras
869 4167 1018 4219 colantibus
1036 4171 1117 4220 verba
1139 4170 1205 4221 lacit
1223 4171 1243 4222 l.

139 4265 285 4317 Alerkelius
304 4263 337 4315 dc
357 4280 386 4315 rc
403 4280 428 4330 p.
439 4263 609 4314 Alamannor.
619 4263 706 4314 Borol.
719 4262 794 4315 1849.
802 4263 918 4329 8⁰.p.5.‚
940 4279 992 4315 noa
1014 4267 1107 4316 unicus
1126 4280 1243 4334 sequan-

139 4365 174 4414 tis
193 4362 245 4413 loct
266 4377 299 4413 ex
312 4375 353 4435 ¹eo
373 4360 440 4411 llbro
459 4360 588 4426 desumpti
608 4374 681 4411 error
701 4366 757 4409 est:
775 4360 835 4429 „qai
855 4359 959 4413 advorsi
979 4361 1044 4415 balli
1066 4376 1131 4429 paco
1151 4377 1167 4415 a
1187 4361 1243 4414 llo.

95 4547 1316 4619 Μή
