2918 4914
147 263 1338 393 ψ’,

416 428 636 479 mlxxxviii.
657 428 697 476 ια
722 407 902 478 rra.113*.
917 415 943 491 i.
962 412 1020 480 22.
1170 407 1262 481 889*

164 627 202 689 ad
225 646 310 691 mare
329 627 463 690 deduxit.
488 628 630 690 Decessit
644 627 794 691 Eboraci“
810 634 839 689 et
848 648 873 689 c.
898 628 1081 707 (Secssion.
1093 628 1178 692 Cass.
1191 628 1264 691 lati·

162 736 234 798 ludo
251 736 436 816 Britanniae,
454 737 505 799 ubi
526 738 741 819 angustissima
756 745 812 817 est,
829 737 902 801 CCC
918 736 1087 801 stadiorum
1106 744 1163 817 est,
1184 754 1263 818 quac

160 843 288 908 latitudo
312 847 377 910 lero
399 867 466 911 cnm
490 848 556 911 istis
578 848 690 911 xxxo
711 849 748 911 bl.
760 849 790 910 Ρ.
806 848 978 924 convenit.)
1014 847 1087 910 Cum
1108 848 1168 910 hoc
1191 846 1262 927 loco

160 954 284 1019 Paeonii
295 958 441 1040 Metaphr.
454 959 513 1021 nisi
528 959 608 1039 quod
620 959 756 1022 CXXllll
766 960 803 1021 ll.
814 959 844 1021 Ρ.
857 959 928 1022 valli
941 957 1163 1040 longitudinem
1177 957 1262 1035 lacit,

162 1068 306 1128 convenit
333 1067 382 1131 his
412 1069 534 1133 verbis:
556 1066 723 1148 „‘Yororc'r
746 1092 779 1131 τε
810 1064 947 1149 πόλεμον
976 1065 1056 1148 πρὸς
1078 1042 1287 1149 ΒρετοιιούςΙ

161 1174 379 1257 συγκροτήσας
408 1175 464 1252 τοῖς
494 1200 528 1239 τε
560 1176 667 1251 πόλεις
689 1175 903 1259 ἀνεκτήσατο,
935 1174 990 1239 κατ’
1019 1174 1076 1250 τὰς
1105 1176 1262 1256 ἐπαρχίας

161 1279 416 1366 α’σφαλιζόμειος
430 1286 558 1367 χάρακα
577 1289 763 1369 περιέβαλεν
783 1286 836 1348 ἐπὶ
853 1285 910 1348 oio
929 1291 984 1348 κατ’
998 1282 1166 1364 τριάκοντα
1183 1279 1263 1364 προς
1385 1339 1387 1343 ,

158 1399 221 1464 τοῖς
242 1386 356 1455 ἑκατὸν
378 1397 519 1477 σημείοις
543 1397 680 1469 ἐκτείνας
694 1392 790 1458 αὐτὸν
812 1391 891 1475 πρὸς
904 1392 1081 1457 θάλασσαι.
1102 1391 1172 1455 'Erre'
1187 1386 1263 1455 τοὺ·

162 1612 222 1674 nic.
234 1613 273 1676 ad
290 1633 318 1676 a.
330 1613 401 1677 Chr.
417 1600 488 1680 207.
505 1617 552 1694 (in
576 1615 788 1698 Scalig.'lhes.
803 1620 930 1695 tempor.
943 1614 1040 1681 Ansr.
1060 1611 1150 1676 1658.
1164 1611 1218 1675 sol.
1232 1629 1260 1693 p.

165 1722 440 1799 maminotum
466 1726 533 1789 lere
554 1725 660 1789 verbis
682 1724 755 1788 inde
785 1743 802 1788 a
832 1725 956 1787 nornine
976 1722 1112 1787 Severus
1134 1721 1262 1785 Cassio-

159 1830 225 1894 dor.
241 1831 386 1895 Chronic.
401 1853 482 1897 coss.
493 1835 577 1916 Apro
601 1841 632 1897 et
644 1834 932 1913 Maxim0:,clodio
955 1832 1079 1911 Albino,
1102 1831 1209 1913 quise
1230 1831 1262 1893 in

160 1938 256 2004 Gallia
280 1941 443 2006 Caesarem
467 1943 595 2022 lecerat,
619 1944 782 2007 interfecto
807 1943 885 2023 apud
906 1941 1104 2024 Lugdunum,
1127 1941 1261 2004 Severus

158 2050 190 2112 in
215 2051 378 2143 Britannos
404 2052 516 2115 bellurn
540 2053 696 2132 transfert,
721 2052 783 2131 ubi,
805 2059 838 2114 ut
859 2058 1000 2133 receptas
1022 2051 1200 2133 provincias
1222 2049 1260 2112 ab

159 2158 336 2224 incursione
358 2161 519 2225 barbarica
544 2162 661 2226 laceret
684 2162 878 2239 securiores,
905 2161 1017 2223 vallum
1044 2178 1100 2240 per
1121 2157 1261 2223 CXXXll

159 2260 302 2349 passuum
325 2271 407 2334 milia
431 2291 448 2335 a
474 2272 550 2334 mari
572 2271 611 2333 ad
635 2289 721 2334 mare
747 2271 860 2332 duxit“.
906 2271 996 2336 Oros.
1006 2268 1068 2333 Vll.
1084 2269 1132 2332 17.
1144 2268 1261 2347 ,Seve-

160 2396 213 2441 rus
244 2380 347 2443 victor
379 2387 500 2457 [contra
522 2380 666 2443 Albinum
698 2381 776 2460 apud
805 2379 998 2463 Lugdunum]
1029 2380 1062 2441 in
1087 2377 1260 2442 Britannias

160 2488 282 2553 delectu
304 2508 403 2571 paene
426 2492 561 2554 omnium
586 2491 743 2553 sociorum
766 2490 912 2568 trabitur,
934 2489 987 2552 ubi
1010 2488 1131 2573 magnis
1152 2488 1261 2572 gravi·

158 2599 276 2681 busque
298 2601 426 2681 proeliis
448 2619 541 2682 saepe
562 2602 660 2683 gestis
683 2606 837 2682 receptam
860 2606 977 2681 partem
999 2599 1119 2663 insulae
1140 2605 1259 2663 acele-

160 2710 203 2772 ris
235 2710 392 2773 indomitis
423 2711 568 2792 gentibus
602 2711 682 2774 vallo
716 2709 964 2793 distinguendam
993 2709 1119 2791 putavit
1157 2710 1258 2790 itaque

157 2838 298 2902 magnam
323 2822 437 2884 fossam
459 2821 725 2902 firmissimumque
748 2821 877 2900 vallum,
903 2820 1022 2883 crebris
1044 2821 1171 2901 insuper
1193 2826 1261 2884 lur-

157 2930 241 2993 ribus
261 2932 489 3011 communitum,
514 2939 707 3013 peruentum
731 2932 856 3013 triginta
879 2937 909 2994 et
932 2930 1092 2994 duomilia
1113 2949 1257 3012 passuum
1318 2954 1321 3021 p

159 3059 174 3103 u
190 3041 267 3104 mari
284 3041 322 3105 ad
339 3061 423 3105 mare
437 3043 571 3106 deduxit.
594 3043 697 3123 ibique
713 3043 790 3123 apud
801 3042 973 3105 Eboracum
989 3040 1133 3123 oppidum
1149 3041 1257 3106 morbo

160 3149 262 3212 obius.
307 3151 418 3215 lisdem
442 3153 507 3215 lere
531 3153 634 3215 verbis
650 3169 724 3215 usus
747 3157 793 3215 est
811 3151 945 3232 scriptor
959 3151 1112 3215 Historiae
1128 3151 1257 3214 miscell.

158 3258 208 3323 lib.
220 3261 259 3322 X.
271 3262 301 3322 in
315 3262 396 3341 Sept.
406 3262 523 3324 Severo
540 3263 664 3340 (llurat.
675 3264 745 3328 lter.
759 3261 890 3323 ltalicar.
904 3278 982 3323 serr.
995 3261 1016 3322 l.
1030 3278 1058 3340 p.
1068 3259 1153 3341 65.):
1174 3261 1259 3342 ,No-

156 3370 314 3433 vissimum
342 3370 453 3433 bellurn
476 3372 507 3432 in
530 3370 687 3433 Britannia
710 3371 833 3449 habuit,
854 3375 944 3450 atque
967 3376 1108 3450 receptas
1128 3370 1258 3451 provin-

158 3480 221 3542 cias
247 3481 331 3542 ourni
354 3481 519 3545 securitate
544 3479 748 3542 munivit...“
770 3479 800 3541 in
825 3478 953 3559 reliquis
975 3477 1106 3541 nonnisi
1129 3478 1257 3544 verbum

155 3585 394 3654 ‘communitum'
415 3592 568 3655 omittens,
608 3590 656 3653 Ad
671 3589 780 3653 Severi
801 3607 919 3652 murum
934 3589 1025 3651 etiam
1046 3589 1107 3651 duo
1120 3606 1256 3671 sequeu-

156 3704 200 3763 tes
219 3701 282 3763 loci
303 3701 461 3764 referendi
485 3706 571 3762 sunt:
592 3698 738 3780 Xiphilin.
752 3718 791 3761 ex
803 3699 892 3761 Dion.
902 3697 988 3761 Cass.
999 3697 1130 3763 lxxvi.
1141 3700 1189 3762 12.
1198 3699 1256 3777 (od

156 3811 283 3888 8207.)
298 3805 384 3891 ,Ario
409 3811 443 3872 δὲ
466 3812 539 3891 ye'np
562 3809 626 3871 τῶν
642 3811 831 3892 Βρεττανῶν
852 3804 987 3890 μέγιστά
1009 3830 1084 3888 εισι,
1106 3807 1254 3893 Karpei-

157 1523 221 1576 τοις
243 1510 304 1577 τοῖς
326 1499 430 1584 ἔργοις
451 1505 653 1587 ἐτελεύτησεν
672 1507 704 1568 ἐν
715 1500 890 1591 Ἕβοράκῳ“
904 1527 932 1568 τι.
949 1529 974 1567 τ.
984 1510 1011 1570 λ.
1035 1501 1262 1567 Eusebero-

156 3941 216 3983 ιιοι
241 3919 296 3982 κατ’
319 3917 488 3984 Μαιάται·
517 3916 572 3981 κατ’
595 3914 626 3992 ἐς
649 3912 735 3981 αὐτα
756 3919 812 3980 κατ’
831 3913 869 3980 τοὶ
892 3920 956 3980 τῶν
984 3909 1091 3982 ἄλλων
1115 3913 1255 4002 αροςρὴ-

153 4055 257 4110 ματα,
278 4028 320 4104 ὠς
344 4033 454 4111 εἰπεῖν,
474 4026 724 4112 συγκεχώρηκεν.
758 4029 879 4091 οἰκοῦσι
901 4028 936 4090 δὲ
964 4026 993 4090 οἱ
1018 4029 1079 4108 μὲν
1100 4029 1255 4093 Mandros

152 4139 231 4223 πρὸς
254 4137 344 4225 αὐτῷ
365 4142 406 4222 τῷ
428 4141 675 4222 διατειχίσματι,
699 4134 716 4199 ὃ
738 4137 794 4220 τήν
819 4141 912 4221 νῆσοι
932 4140 1009 4221 διχῆ
1031 4141 1154 4219 τέμιει·
1180 4142 1254 4202 Κα-

152 4245 290 4333 ιμοιω
319 4250 352 4310 ιι
375 4250 444 4327 μετ’
464 4249 630 4322 αιτιοι.
673 4248 1034 4330 betoniscurtem.
1053 4251 1253 4334 (araone.)
1311 4234 1314 4307 l

153 4403 178 4439 „.
197 4355 429 4440 ,Ὑσιρβάοτος
462 4360 494 4421 δὲ
521 4362 578 4421 τοῦ
606 4362 746 4442 στρατοῦ
772 4357 809 4425 τὰ
834 4363 1075 4447 προβεβλημένοι
1106 4360 1252 4448 ῥεύματα

1308 4466 1313 4509 ι
