2918 4914
175 378 177 436 3
241 362 333 448 858*
360 397 527 446 aaronis
542 380 1275 446 nor.concinnamus.orxddrbmmauru.

326 595 413 660 PAG.
437 594 527 663 113⁸.
550 596 595 673 ii.
612 599 640 658 1.
654 604 715 676 sp]
739 592 866 656 Delma:
885 592 931 674 2,
965 587 1095 658 Dalmat.
1111 606 1158 685 aa.
1188 584 1347 676 desupra

175 789 177 799 .
241 724 270 788 p.
283 706 350 771 31«.
362 707 408 784 ld.
424 706 589 770 17.18.-
610 702 769 787 pracsidio
786 700 821 791 Π
856 705 972 787 Geogr.
987 698 1062 769 llam
1076 704 1111 767 V.
1125 695 1174 769 31.
1198 704 1249 786 ,in
1278 703 1348 785 ipsa

240 815 689 897 Britannia...Camulossesa,
701 816 899 895 Praesidium,
921 814 1183 897 Brigomono...“
1208 813 1348 895 adquae

175 915 176 921 ἵ
242 928 345 1008 priora
370 926 430 991 dua
452 928 603 991 vocabula
627 927 738 992 Galeas
762 924 910 991 Gamales
931 926 1096 1007 adscripsit
1117 933 1147 989 et
1169 912 1347 989 annotarit}

175 1068 176 1073 κ
241 1037 308 1117 ,An
325 1036 472 1101 Camulon
492 1044 599 1102 sextae
619 1037 777 1120 [legionis]
795 1035 1012 1119 praesidinm.
1037 1035 1094 1098 sed
1110 1028 1349 1117 appareti’ros-
1403 1048 1405 1069 ¹

227 1145 351 1209 sidium
372 1146 648 1230 ap.Geographum
670 1147 825 1228 proprium
849 1146 952 1229 oppidi
975 1162 1088 1208 nomen
1111 1158 1192 1208 esse.
1223 1136 1348 1208 Nomen
1375 1216 1379 1222 .
1403 1075 1406 1220 !

241 1256 427 1339 Brigomono
457 1259 537 1321 idern
565 1277 620 1340 pro
644 1257 786 1339 Borpeny
818 1259 938 1339 accepit
970 1263 1000 1321 el
1024 1256 1199 1321 annotavit:
1224 1254 1351 1336 ,Prote-
1403 1243 1406 1272 ¹

241 1383 330 1430 maen
359 1367 571 1450 Rerigonion,
594 1373 625 1430 et
647 1367 876 1449 Berigonium“.
920 1366 1065 1430 camden.
1075 1384 1104 1447 p.
1114 1364 1185 1428 3920.
1197 1364 1264 1447 ,Ab
1286 1364 1349 1427 hoc
1403 1349 1406 1432 l

178 1444 180 1463 .
243 1483 345 1540 castro
380 1465 619 1556 (Kmilwortlt),
654 1479 681 1541 si
708 1484 902 1559 prospectum
930 1494 993 1539 non
1021 1476 1205 1558 impedirent
1225 1474 1348 1558 sylvae,

241 1586 438 1668 praecipuum
465 1588 557 1650 totius
582 1588 649 1670 agri
673 1589 815 1668 oppidum
837 1589 962 1651 videres
987 1587 1056 1663 (vix
1079 1587 1161 1649 euim
1182 1587 1208 1649 V
1229 1586 1349 1649 millio-

242 1695 327 1760 ribus
351 1697 455 1778 abest)
481 1696 563 1778 quod
585 1715 644 1760 nos
667 1696 819 1759 Worwiclr
838 1715 995 1779 vocamus,
1020 1697 1161 1760 Saxones
1181 1692 1348 1777 Wsrriop-

105 1800 108 1807 ⁴
177 1839 179 1899 3
239 1804 300 1885 oie,
323 1806 460 1871 Nennius
483 1812 514 1870 et
536 1806 673 1869 Britanni
696 1806 777 1869 Coer
797 1806 933 1868 Goaroic
955 1813 985 1870 et
1008 1804 1090 1868 Caer
1109 1805 1241 1869 leone
1267 1816 1347 1887 qnae

178 1912 180 1947 r
243 1915 345 1980 omnia
368 1917 494 1981 nomina
516 1934 606 1999 quum
630 1936 648 1981 a
668 1917 779 1998 puertia
793 1915 968 1980 Britannica
987 1917 1132 1997 dictione,
1157 1934 1235 1998 quae
1245 1933 1347 1996 proc-

179 2001 180 2018 *
243 2025 355 2089 sidiam
377 2027 549 2112 significat,
578 2026 627 2090 vel
649 2047 666 2091 a
692 2026 879 2111 Legionibus
902 2046 980 2110 quae
1002 2027 1143 2090 locorum
1169 2024 1346 2091 defensioni

178 2150 180 2201 ἒ
243 2136 497 2220 imponebantur,
520 2126 704 2218 profluxisse
726 2137 906 2218 videantur,
929 2137 1155 2219 quodammodo
1179 2154 1347 2219 persuaso-

242 2254 330 2329 runt,
355 2249 415 2311 boc
441 2247 515 2312 illud
545 2247 688 2329 oppidum
715 2266 785 2311 esse
817 2248 900 2329 quod
922 2246 1113 2311 Praesidium
1134 2248 1282 2314 Romanis
1313 2248 1346 2311 iu

244 2357 402 2422 Britannia
421 2358 596 2441 dicebatur,
628 2358 701 2450 ubi.
715 2404 722 2420 .
736 2358 913 2422 Praefectus
932 2357 1073 2439 Equitum
1094 2358 1345 2422 Dalmatarum..

243 2471 353 2552 egit...
377 2468 439 2533 Sed
460 2468 522 2531 hoc
541 2467 731 2531 Praesidium
752 2468 850 2532 luisse
870 2468 1074 2532 etAnnalium
1096 2473 1272 2532 nostrorum
1287 2484 1346 2531 au-

242 2579 371 2643 thoritas
396 2578 503 2657 docet,
527 2579 579 2659 qui
601 2562 756 2643 Romanas
776 2577 916 2661 legiones
944 2579 995 2642 bic
1016 2579 1198 2643 consedisse
1221 2594 1346 2643 memo-

241 2694 329 2768 rant,
346 2693 388 2759 et
413 2687 479 2769 ipse
509 2688 600 2751 etiarn
630 2688 707 2751 silus
735 2689 768 2751 in
795 2688 976 2771 provinciae
1001 2707 1099 2771 paene
1123 2688 1269 2753 umbilico
1293 2690 1345 2752 in·-

243 2798 323 2877 uuit3
347 2796 467 2879 aequali
491 2797 573 2860 enim
596 2798 694 2880 spatio
717 2798 789 2861 binc
816 2799 854 2862 ab
876 2798 1017 2863 orientali
1041 2798 1236 2879 Noriolciae,
1258 2798 1346 2862 illinc

243 2909 281 2974 ab
307 2906 492 2972 occidentali
516 2906 677 2971 Cambriae
707 2907 809 2973 littore
832 2909 1035 2993 disiungitur,
1058 2909 1231 2973 cuiusmodi
1252 2886 1344 2973 situm

242 3017 435 3082 stoeaidiom
458 3017 604 3081 Corsicae
627 3018 787 3100 oppidum,
810 3019 842 3081 in
865 3019 931 3099 ipsa
952 3019 1053 3084 media
1076 3018 1177 3083 insula
1198 3018 1344 3100 positum,

242 3129 383 3194 obtinuit.
426 3128 490 3192 Nec
513 3128 622 3190 mirum
651 3131 678 3191 si
704 3129 889 3210 praesidinm
909 3135 940 3191 et
960 3129 1087 3192 rnilitum
1108 3128 1271 3192 stationem
1293 3128 1345 3191 bic

241 3239 372 3305 Romani
392 3237 565 3315 habuerint,
590 3253 659 3299 curn
674 3238 805 3301 Avonae
826 3237 942 3300 llumini
965 3239 1040 3302 satis
1058 3243 1221 3319 praerupta
1242 3237 1346 3301 immi-

180 3418 182 3443 ,
242 3355 325 3428 neat,
348 3352 379 3411 et
396 3362 504 3409 omnes
528 3344 628 3409 aditus
650 3364 689 3409 ex
710 3346 777 3426 ipso
798 3364 875 3410 saxo
899 3345 960 3409 sint
975 3346 1092 3412 ellossi.
1134 3346 1298 3431 lloenlbus
1315 3350 1346 3408 et

180 3445 182 3533 ἶ
242 3457 338 3522 fossis
361 3456 507 3519 munitum
529 3456 626 3519 luisse
640 3461 776 3537 apparet,
797 3461 930 3519 castrum
944 3475 1020 3520 vero
1035 3462 1065 3520 et
1083 3461 1190 3520 natura
1206 3461 1236 3521 et
1251 3470 1345 3538 apere

123 3582 126 3600 ·
180 3539 182 3554 ’
243 3564 459 3645 firmissimum,
481 3563 738 3628 warwicensium
754 3565 903 3627 Comitum
925 3565 1031 3629 sedern
1047 3565 1086 3629 ad
1107 3565 1235 3630 alricum
1252 3583 1347 3647 prac-

181 3675 183 3689 '
243 3675 352 3754 tendit,
375 3675 582 3758 oppidumque
604 3674 679 3756 ipsis
701 3672 850 3738 aedificiis
873 3676 1023 3757 speciosis
1048 3682 1096 3740 est
1115 3678 1347 3740 exomatum..“

181 3772 183 3839 i
245 3787 285 3850 cl.
298 3784 581 3850 eamden-Gibson.
594 3760 623 3867 p.
633 3785 717 3864 501,
744 3783 863 3848 llassel.
878 3804 907 3867 p.
922 3785 994 3848 935.
1008 3804 1055 3868 sq.
1084 3786 1272 3851 camdenum
1293 3804 1348 3850 se-

182 3904 184 3983 t
246 3895 309 3959 cuti
330 3901 401 3959 sunt
420 3895 509 3958 Brun.
520 3895 548 3959 la
571 3896 671 3975 Mart,
702 3894 886 3958 Biscboiiius
907 3894 1115 3979 bldllerusqua
1139 3902 1169 3960 et
1195 3895 1349 3961 Reicbar·

248 4006 322 4086 dus;
354 4013 476 4070 ceteros
509 4024 586 4088 quos
627 4005 769 4069 consului
808 4007 1001 4070 recentiores
1037 4006 1211 4090 geographi
1245 4007 1348 4070 locunt

353 4231 383 4303 θ)
404 4231 500 4285 llennii
520 4233 658 4297 §.iduor
676 4234 759 4303 ligiam
777 4239 818 4285 est
833 4232 925 4297 Dnoo,
949 4232 1073 4298 Closter,
1093 4233 1158 4310 cair
1179 4231 1235 4286 lion
1260 4239 1348 4286 sutem

245 4332 305 4390 Isca
325 4329 450 4397 Silurum,
468 4329 598 4384 caeram
616 4349 687 4402 apos
709 4330 767 4382 Urit.
