2918 4914
121 284 1203 360 mn

122 452 1006 550 xxxinnxnr.nurnu.97*.i.9....ruo.98*.pt.6.sq.
1034 448 1149 523 717*'
1243 462 1248 472 ’

123 677 164 751 at,
187 690 249 734 non
264 673 358 736 Ducis
380 672 435 736 sed
455 673 593 756 Magistri
606 673 731 737 Militum
753 674 932 755 dignitatem
957 673 1126 754 optinuisse

121 787 173 858 'et;
197 801 267 845 nam
292 782 370 845 haec
401 781 513 844 Zosimi
544 781 638 845 verbo
669 789 755 845 sunt:
779 780 878 845 πολλὰ
905 784 939 861 δὲ
967 784 1042 864 aspi
1069 779 1127 855 ,τὰς

124 912 139 962 ς
161 888 215 952 καί
235 882 315 952 ἄλλα
338 889 562 971 κοινοτομήσας
584 891 782 971 (Honorius),
805 893 861 952 aui
880 890 952 964 τούς
967 893 1025 968 μὲν
1048 890 1129 969 πρό-

121 995 471 1070 ’καιιιδυναστεὺοντας
495 994 647 1078 ἐκβαλών,
669 990 775 1074 ἄλλοις
797 999 831 1061 δὲ
854 995 912 1072 nuic
937 991 1040 1079 α’ρχάς
1066 1022 1130 1059 πα-

121 1102 167 1188 ύς,
191 1104 279 1182 ἔταξε
300 1108 354 1168 καί
376 1107 405 1169 Γ
404 1107 541 1187 ενὲριδον
564 1109 626 1169 τῶν
650 1108 683 1170 s‘u
704 1112 871 1195 Δαλματίᾳ
893 1102 1019 1169 πάντων
1040 1106 1129 1189 ἡγεῖ·
1154 1179 1157 1185 ¹

121 1205 225 1295 ,ὄντα
248 1212 421 1297 στρατηγὸν
445 1215 499 1278 καιΙ
520 1216 582 1279 τῶν
605 1209 709 1280 ἄλλων
730 1212 799 1280 duo't
826 1218 989 1279 stainam
1017 1239 1050 1279 τε
1073 1216 1130 1297 τὴν

121 1321 176 1386 καί
205 1321 365 1403 Νορικούς
394 1323 614 1398 καίῬαιιούς
637 1322 832 1409 ἐφύλαττον,
857 1330 910 1388 aui
941 1319 1003 1388 ὅσα
1025 1315 1132 1388 αὐτῶν

121 1453 130 1491 ι
153 1431 215 1494 τῶν
230 1421 386 1495 Ἄλπεων.
421 1422 458 1511 ἧι·
482 1433 517 1494 δὲ
539 1427 554 1491 ὃ
580 1434 608 1495 Γ
606 1435 745 1513 ενὲριδος
763 1432 927 1515 βάρβαρος
949 1437 1008 1511 μὲν
1030 1430 1065 1496 τὸ
1082 1435 1132 1514 yt-

121 1564 164 1602 .τ.
178 1544 202 1601 λ.
229 1541 274 1603 Cf.
288 1542 377 1623 etiam
395 1541 503 1604 Comit.
520 1541 558 1604 de
569 1541 674 1606 Binan
689 1541 835 1605 Teutsrbe
845 1541 1131 1624 Kayser-Historie

121 1647 587 1731 t.p.871.§.165.ben.a0a10.
602 1652 1131 1734 u.slusa.mucn1noll..nuo.uve.

121 1783 189 1822 »aar
199 1761 205 1833 Ι
217 1783 302 1822 mov.
315 1783 383 1822 rau.
394 1764 458 1837 svnt
469 1766 499 1822 et
512 1778 537 1821 c.
553 1766 599 1823 est
608 1760 686 1843 lapis
699 1760 868 1824 Brixieusis
881 1779 928 1842 ap.
943 1760 1027 1824 Grut.
1041 1760 1131 1840 1097,

142 1868 286 1933 Videmus
314 1869 396 1931 bunc
418 1870 553 1947 Ducem,
579 1871 666 1932 ouius
696 1869 801 1933 sedem
832 1872 964 1950 trustra,
997 1877 1030 1932 ut
1061 1870 1135 1933 mihi
1231 1884 1233 1889 ’

121 1998 158 2040 em
184 1978 324 2057 videtur,
348 1979 557 2069 vindobonae*
583 1979 680 2044 tuisse
712 1979 902 2042 contendunt
931 1979 1021 2042 buius
1050 1979 1136 2041 urbis

121 2088 242 2169 iptores
264 2089 321 2160 (ci.
339 2108 366 2150 e.
383 2107 431 2171 gr.
448 2089 608 2170 Hormayr.
627 2087 720 2150 Wieu.
735 2090 757 2152 1.
773 2089 803 2152 3.
817 2106 845 2169 p.
859 2086 919 2166 9.),
943 2105 1032 2169 quam
1055 2089 1135 2152 Gur·
1210 2105 1214 2111 ·

121 2196 336 2259 rvinoicanda
359 2215 429 2261 esse
452 2196 584 2276 videtur,
609 2199 663 2261 toti
686 2198 796 2261 tractui
816 2197 1039 2260 eisdanubiano
1056 2198 1137 2260 inter

121 2322 154 2367 :m
185 2305 273 2381 (Iun)
308 2307 563 2387 Arrabunempue
596 2305 719 2384 (Roob)
750 2305 860 2369 fluvios
889 2306 1032 2369 Danubio
1064 2322 1136 2369 seso
1201 2307 1206 2317 '

121 2419 222 2492 entes,
248 2434 264 2477 a
288 2414 443 2478 Boioduru
468 2414 641 2494 (inustudt)
663 2422 770 2479 contra
793 2416 1019 2479 Batavodurum
1041 2413 1138 2492 (Pas-
1232 2478 1235 2484 ,
1283 2483 1285 2486 ⁴

132 2541 232 2604 usque
254 2525 292 2586 ad
307 2525 499 2588 Artabanum
520 2523 643 2604 (Roob)
664 2508 898 2606 imper'itavisso.
924 2526 1047 2608 quinam
1058 2541 1137 2604 pro-

121 2652 157 2697 ue
179 2634 315 2697 eiusdem
338 2635 629 2699 versusmeridiem
650 2635 726 2698 fines
749 2635 871 2713 tuerint,
894 2655 932 2697 ex
951 2633 1136 2697 baoNotitia

121 2743 143 2824 gi
168 2744 283 2824 nequit,
308 2762 376 2805 cum
397 2744 510 2823 omnia,
535 2762 662 2825 quorum
685 2745 775 2807 situm
800 2750 885 2807 certo
911 2743 1041 2807 delinire
1061 2760 1139 2825 pos·
1217 2814 1222 2825 ,

124 2870 150 2930 s,
176 2853 300 2916 castella
319 2853 357 2916 ad
381 2853 476 2934 ipsam
491 2853 622 2916 Danubii
643 2836 740 2934 ripam
760 2861 811 2916 aut
832 2854 954 2917 nonita
975 2853 1138 2936 proculab

121 2944 217 3024 emota
237 2962 366 3040 suerint,
388 2968 513 3042 praeter
533 2980 626 3025 unum
650 2962 701 3024 Ad
718 2962 850 3024 Iuvense
873 2974 917 3044 (p.
934 2964 1021 3026 100*.
1041 2965 1069 3028 t.
1080 2961 1139 3040 6.),

141 3070 279 3151 plerique
302 3070 424 3152 quidem
438 3071 515 3156 ¹iere
538 3089 644 3135 omnes
664 3072 816 3135 iuvaviam
833 3070 1017 3151 (Sutzburp)
1038 3071 1141 3153 signi-

121 3181 338 3261 eopinantur,
369 3199 458 3261 quum
487 3187 588 3245 tamen
618 3183 816 3260 sententiam,
840 3182 980 3262 quamvis
1009 3185 1039 3242 et
1067 3178 1140 3241 mibi

126 3296 192 3368 eat,
222 3307 279 3372 pro
311 3296 395 3353 certa
422 3308 483 3353 non
509 3293 741 3356 venditaverim.
784 3289 964 3354 Panciruius
995 3289 1072 3351 fines
1102 3306 1142 3351 ex

121 3414 227 3477 emaeo,
249 3398 387 3462 sednon
410 3401 486 3465 satis
509 3407 663 3479 accurate,
691 3401 863 3481 descripsit.
898 3400 964 3480 ipsa
976 3397 1141 3461 Ptolemaei

121 3528 132 3571 r
154 3508 285 3589 poto·
300 3508 529 3589 exhibebimus,
551 3516 584 3571 ut
609 3516 774 3588 sequentes
797 3509 875 3571 duae
898 3508 1031 3590 paginae
1047 3505 1142 3569 eard-

121 3619 255 3682 ioeorum
278 3620 329 3701 qui
352 3639 392 3683 ex
416 3619 577 3683 itinerario
601 3620 749 3684 Antonini
777 3617 953 3698 'tabulaque
975 3617 1142 3700 Peutinge-

147 3728 186 3791 ad
216 3730 277 3792 boc
307 3735 396 3810 caput
429 3729 468 3792 de
500 3729 655 3792 Pannonia
687 3729 785 3791 Prima
813 3729 990 3809 Norieoque
1017 3727 1143 3809 Ripensi

121 3844 204 3918 nent,
228 3856 366 3921 quosque
391 3839 421 3901 in
446 3838 617 3903 faciliorem
640 3845 837 3920 conspectum
861 3837 1006 3902 redactos
1028 3829 1143 3900 iuvabit
1245 3900 1250 3910 ,

121 3950 347 4011 annotationem
378 3954 514 4012 nostram
540 3948 709 4027 adbibere,
740 3949 960 4030 relinquantur.
995 3948 1064 4010 finis
1090 3965 1145 4010 so-

122 4058 162 4123 tis
178 4059 298 4123 tabulae
321 4079 360 4122 ex
383 4060 449 4122 eius
464 4078 552 4140 quam
576 4077 667 4141 supra
681 4077 709 4139 p.
720 4058 809 4123 694*.
819 4077 865 4140 sq.
880 4059 1031 4138 dedimus,
1055 4057 1143 4120 initio

120 4169 208 4232 titum
231 4173 298 4247 est,
329 4175 361 4230 ut
382 4168 501 4231 iaciiius
522 4174 671 4249 utraeque
694 4168 775 4231 inter
795 4186 830 4231 so
860 4168 1031 4249 comparari
1053 4171 1144 4247 atque
1232 4222 1241 4238 „

121 4280 191 4363 ungi
214 4280 349 4360 possint:
373 4295 440 4340 cum
454 4278 568 4342 Notitia
589 4283 697 4341 nostra
721 4294 760 4342 ex
783 4279 903 4342 oriente
927 4279 966 4342 ad
990 4275 1141 4339 occiden-

125 4388 299 4453 Danubium
323 4387 549 4452 adscendimus.

896 4497 953 4567 aa
1065 4450 1075 4477 '
