2918 4914
377 287 388 323 4

200 351 291 426 596*
313 372 433 420 ΔΝΝΟΤ.
449 368 573 417 ΑΜΟΤ.
590 366 1298 418 occ-cmxxviii·COIESRRGERTOMTBMIS.

204 573 311 637 Indice
334 577 375 652 [p.
389 568 435 632 4⁴.
452 569 479 645 i.
494 568 559 645 921
574 546 625 631 bic
649 565 760 629 Comes
782 571 921 646 quartum
943 564 1044 627 locum
1067 570 1159 644 tenet,
1184 564 1302 648 hicpo-

199 688 354 748 stremum.
401 676 503 743 Officii
528 676 620 740 etium
649 674 729 738 iliius
758 679 809 738 out
842 674 968 738 militum
999 674 1080 738 nulle
1113 676 1146 739 sit
1176 677 1301 758 mentio,

200 791 283 875 quod
307 808 344 853 ee
371 787 441 851 locu
463 793 525 850 tum
548 785 587 850 ab
611 785 751 848 hostibus
774 789 952 872 tenerentur
980 784 1065 863 [vide
1094 781 1202 848 contre
1226 805 1301 869 quoe

200 903 239 966 ud
256 920 282 965 c.
296 898 418 964 xxv11.
434 896 681 980 annotavimus]:
704 894 795 959 Gothi
808 895 899 974 enim,
922 901 1012 959 anteo
1025 895 1138 959 Gellius
1155 896 1300 979 ingressi,

199 1029 306 1076 rursus
329 994 367 1074 db
389 1007 543 1088 Atuulpbo
562 1007 649 1089 Rege
675 1005 801 1069 circiter
822 1023 934 1069 annum
956 1005 1063 1069 solutis
1086 1004 1158 1070 413.
1174 1024 1229 1070 ees
1250 1025 1303 1072 re-

199 1122 351 1204 petierunt
360 1141 369 1197 ;
393 1138 430 1182 oc
447 1116 574 1181 biennio
591 1094 669 1197 'post
684 1115 921 1198 Burgundiones
936 1123 1054 1197 partem
1067 1115 1185 1180 Galliac
1195 1118 1301 1183 Rheno

201 1232 398 1296 coniunctum
422 1232 603 1304 tenuerunt,
628 1243 708 1305 quoe
735 1226 773 1289 ab
798 1226 858 1289 illis
881 1245 993 1304 nomen
1017 1227 1155 1308 accepit;
1180 1228 1303 1294 circiter

152 1365 156 1378 ·
200 1360 312 1406 annum
333 1357 410 1403 vero
433 1336 506 1402 430.
529 1336 637 1400 Aetius
661 1335 771 1400 Comes
793 1335 939 1419 Belgicae
960 1343 1078 1416 purtem
1099 1337 1207 1402 Rheno
1229 1354 1303 1419 pro-

1314 206 1347 319 'i

198 1453 330 1528 ximem,
355 1467 444 1530 quom
466 1448 576 1512 Franci
602 1453 846 1535 occupaverant,
869 1446 1005 1527 recepit3
1034 1446 1090 1510 sed
1123 1446 1167 1509 illi
1197 1465 1303 1512 rursus
1345 1474 1347 1529 p

144 1546 161 1557 ’
199 1562 352 1640 irruentes
372 1557 545 1640 postmuite
566 1563 596 1619 et
609 1557 695 1619 vorin
717 1556 835 1637 proelio
857 1556 980 1619 tandem
998 1576 1065 1620 eom
1078 1557 1302 1622 obtinuerunt“.

199 1675 321 1754 Agmen
348 1667 470 1731 claudat
489 1667 720 1769 Spboepdinus,
744 1666 884 1765 quiipse
905 1667 1181 1750 Argentoratensis
1203 1664 1304 1732 bi'ste-

199 1783 313 1846 riurum
337 1779 501 1861 professor
524 1778 555 1839 in
568 1776 665 1841 Alsut.
680 1777 722 1839 ill.
736 1776 759 1839 1.
774 1795 803 1858 p.
819 1776 890 1840 914.
909 1776 947 1841 dc
970 1777 1088 1842 Comite
1106 1779 1303 1861 Argentom-

201 1890 298 1956 tensis
322 1909 358 1951 ca
391 1887 532 1968 scripsit,
558 1886 604 1955 ud
623 1903 701 1967 quac
729 1886 911 1950 necessario
945 1888 1098 1953 correctio
1129 1888 1304 1952 udbibende

200 2008 257 2066 cst.
304 1997 496 2079 „Prioribus“
520 1997 618 2078 inquit
641 1997 757 2076 ,tribus
780 1996 912 2075 seculis,
939 2015 1030 2078 quum
1054 1998 1186 2062 formula
1205 1998 1305 2081 Impe-

200 2112 248 2191 rii,
273 2111 311 2174 eb
334 2112 476 2192 Augusto
500 2109 645 2186 instituta,
671 2107 864 2187 subsisteret,
887 2108 1023 2172 Praesidi
1038 2109 1209 2190 superioris
1224 2109 1304 2175 Ger-

201 2221 321 2287 moniac
349 2219 475 2282 suberat
496 2219 740 2301 Arssentoratus,
764 2224 795 2280 et
814 2217 920 2282 seculo
940 2218 976 2281 11.
996 2219 1185 2283 Praesidium
1212 2219 1245 2282 in
1265 2239 1302 2285 eu

90 2403 93 2408 ,
198 2326 413 2411 tenuithgio
435 2330 552 2393 Octavo
571 2328 723 2417 Auguste,
741 2327 786 2390 uti
811 2346 905 2409 supra
927 2347 966 2392 ex
986 2328 1160 2394 Ptolemaeo
1186 2330 1303 2394 didici-

197 2459 276 2506 mus.
320 2439 362 2502 nt
384 2439 530 2501 institutis
551 2438 607 2500 sub
624 2438 824 2502 constentino
837 2440 876 2505 Μ.
888 2446 1017 2520 quotuor
1027 2439 1195 2504 Praefectis
1207 2439 1302 2505 Prec-

198 2553 293 2630 torio,
317 2551 397 2614 inter
421 2566 499 2631 quos
522 2548 696 2612 iurisdictio
720 2567 776 2631 per
798 2568 890 2615 omne
912 2550 1107 2615 dividebatur
1128 2552 1301 2634 Imperium,

198 2661 336 2727 Ducibus
358 2658 589 2738 comitibusque
616 2676 673 2739 per
693 2658 869 2740 provincius
898 2660 1052 2741 urbesque
1082 2661 1206 2758 [immo,
1227 2678 1304 2744 pro·

176 2949 250 3030 'tur,
269 2962 317 3016 sed
336 2961 532 3030 transponendo
549 2963 657 3015 nomina
675 2961 875 3033 legendumque
891 2979 950 3017 esse

305 3059 494 3131 Odeyyee'vmu
510 3062 565 3143 μὲι(
582 3061 818 3133 Βορβηιὸμαγος,
838 3062 998 3134 Ρουφιάνα,
1027 3080 1031 3091 ’
1051 3066 1056 3075 “

298 3159 438 3229 Νεμητῶν
456 3157 488 3211 dd
506 3157 687 3230 Νοιόμαγος,
703 3155 928 3229 ’Λργενιόραιον
946 3161 1048 3231 λεγίων
1069 3159 1083 3224 ἡ
1103 3161 1223 3229 dedecui

199 3257 264 3310 eatis
283 3254 465 3322 comprobavit
480 3254 793 3325 Zeussiucp.217.sqq.,
812 3255 846 3314 ci,
859 3256 937 3309 etiem
949 3254 1054 3310 Grimm.
1067 3257 1193 3311 Gerebd.
1205 3258 1231 3311 d.
1240 3259 1301 3331 Spe.

198 3350 343 3422 p.496.sq.
381 3349 437 3403 Una
462 3352 555 3420 itaque
580 3366 688 3415 ceuceu,
710 3366 743 3404 ex
767 3367 820 3421 que
845 3330 998 3405 i'uueirolue
1017 3353 1169 3424 Vangiones
1197 3353 1303 3409 Trectni

197 3450 418 3519 Argentomtensi
428 3447 576 3517 adscripsit,
597 3463 724 3515 erronee;
743 3447 908 3503 Trevirorum
925 3449 1012 3502 eidem
1031 3452 1125 3503 tractui
1145 3450 1303 3509 adscriben-

198 3547 289 3599 dorum
309 3545 388 3598 aliem
408 3560 461 3596 uon
480 3544 560 3623 uideo
581 3545 633 3597 nisi
648 3544 783 3598 Strabonis
800 3547 991 3602 lV.3.verbe=
1015 3546 1086 3619 μετὰ
1107 3549 1139 3605 dt
1157 3541 1222 3610 τούς
1241 3556 1302 3606 Με-

200 3634 404 3715 διομαιρικοῦς
428 3647 476 3696 καὶ
496 3640 666 3717 Τριβόκχους
689 3646 863 3716 παροικοῦσι
887 3639 936 3700 τὸν
956 3646 1053 3712 Ῥῆνον
1076 3645 1230 3719 Tppov'i‘poc
1253 3647 1302 3719 [el.

202 3738 406 3810 TpteudypocJ·
427 3739 492 3792 καθ’
507 3734 556 3799 οὓς
575 3746 728 3807 nenetpeuc
745 3735 776 3794 et}
796 3743 904 3815 ζεῦγμα
923 3733 978 3798 ind
998 3743 1055 3796 τῶν
1071 3742 1219 3816 Ῥωμαίων
1237 3748 1303 3801 ruri

198 3833 257 3890 τῶν
277 3836 510 3906 στρατηγούντων
527 3829 577 3892 τὸν
595 3830 772 3911 Γερμανικὸν
791 3839 925 3917 ndi-spor·
966 3842 1060 3913 udper
1080 3840 1110 3894 di
1127 3839 1222 3910 ᾤκουν
1242 3839 1302 3896 Οὔ-

198 3939 255 4003 picot
272 3926 343 3986 κατὰ
363 3931 463 3989 τοῦτον
482 3928 532 3990 τὸν
554 3935 658 3999 τόπον,
684 3931 735 3996 οὓς
750 3935 918 4009 μετήγαγεν
935 3935 1096 4009 Ἀγρίππας
1119 3936 1238 3999 ἑκόντας
1263 3942 1303 4002 εἰς

198 4023 249 4096 eir
267 4026 345 4088 ἐντὸς
364 4031 413 4086 τοῦ
428 4030 534 4099 Ῥήνου.
574 4037 599 4086 T
598 4033 743 4104 ppeuipeuc
767 4032 798 4088 δὲ
816 4041 944 4103 συνεχεῖς
964 4034 1101 4106 Nepeu'eec
1117 4039 1206 4089 emi.
1222 4050 1303 4105 quem

83 4123 86 4127 ’
199 4142 252 4179 uon
269 4126 395 4180 suiiicere
417 4128 584 4181 menifestum
611 4136 666 4181 cst:
694 4128 795 4182 Treviri
823 4130 962 4198 primarius
980 4130 1107 4201 belgicae
1128 4131 1231 4184 Primae
1249 4148 1302 4201 po-

198 4223 276 4292 pulus
296 4231 385 4290 erunt,
405 4239 463 4277 cum
483 4225 550 4278 buce
567 4224 666 4279 Notitiu
690 4227 860 4280 scriberetur.
906 4226 985 4280 Fines
1008 4229 1115 4282 urceum
1133 4230 1301 4300 Argentora-

198 4321 281 4376 temis
300 4338 334 4376 ex
354 4321 447 4376 eedem
465 4323 523 4390 ipsu
541 4323 632 4392 puello
650 4331 711 4394 poet
728 4325 876 4379 accuratius
896 4324 1027 4393 definitur.
