2918 4914
382 392 999 480 cm·xsrr.uonm.128*.tl.ll.l‘t.
1129 391 1240 464 1195*

142 617 254 701 pergit,
279 615 440 698 ,quicquid
464 616 503 680 de
525 614 648 678 Valerio
666 614 817 678 catullino
837 614 980 678 Praeside
993 613 1100 677 Norici
1120 618 1150 676 ct
1163 612 1243 676 Pan-

142 727 256 790 noniae
282 726 473 808 Superioris,
504 744 592 807 quem
623 725 756 788 Severus
787 725 956 804 creaverit,
980 723 1111 787 blaterat
1133 723 1242 787 Lanius

143 837 259 901 comm.
272 837 312 901 de
333 856 369 900 re
392 855 421 918 p.
431 839 466 902 ll.
477 836 541 900 Vll.
554 837 604 932 8.,ι
620 836 732 899 abusus
755 837 931 900 testimonio
953 835 1123 916 Spartiani,
1148 839 1180 896 ut
1204 853 1244 897 ex

143 948 208 1012 eius
229 946 396 1031 [CatuNini]
420 947 544 1010 nomine
564 946 678 1011 Talnae
702 946 805 1028 oppidi
827 945 996 1009 inAustria
1020 946 1162 1029 origines
1185 966 1243 1010 ex-

141 1057 316 1140 sculpat...
340 1058 401 1123 Sub
424 1057 503 1120 Caro
526 1064 556 1121 ct
577 1058 763 1121 Numeriano
785 1058 853 1121 An.
868 1058 995 1121 Praeses
1015 1057 1123 1121 Norici
1133 1055 1243 1120 Auda-

140 1169 206 1231 sius
228 1168 278 1231 vel
300 1166 452 1232 Eullasius
481 1168 540 1247 (ita
574 1187 613 1232 ex
634 1168 721 1231 Actis
742 1166 941 1232 Maximiliani
961 1167 1104 1250 Martyris
1131 1166 1242 1230 Lanius

141 1275 207 1341 Xll.
219 1277 252 1358 4,
264 1277 293 1341 6.
306 1284 337 1340 et
357 1276 419 1340 llll.
432 1277 473 1358 6,
505 1277 557 1341 alii
586 1278 735 1343 Eulalium
767 1277 941 1359 adpellant,
970 1277 1145 1341 Pantaleon.
1164 1295 1193 1357 p.
1213 1277 1240 1338 1.

141 1396 356 1473 prosopogm,
381 1388 432 1469 qui
445 1389 683 1452 Maximilianum
704 1389 799 1470 episc.
808 1389 1052 1453 Laureacensem
1075 1387 1167 1451 morti
1182 1385 1242 1450 ad-

140 1498 287 1561 iudicarit
309 1497 431 1562 Celeiae
451 1497 484 1559 in
505 1498 602 1578 patria
625 1498 735 1561 eiust.
767 1498 828 1562 Sub
849 1497 1043 1560 Diocletiano
1066 1494 1243 1561 Praesident

140 1609 208 1670 sive
228 1607 403 1670 Pannoniae
422 1607 489 1671 sive
509 1607 615 1670 Norici
636 1613 878 1670 commemorant
890 1608 968 1670 Aeta
982 1606 1012 1674 b.
1025 1606 1160 1669 Floriani
1171 1604 1243 1667 Pri-

140 1716 214 1779 buni
236 1717 387 1780 Cetiensis
410 1717 553 1799 martyris
576 1715 786 1797 ap.blombrit.
800 1722 820 1776 t.
834 1716 856 1777 l.
873 1716 1059 1797 Aquilinum,
1085 1715 1137 1797 (pui
1158 1716 1243 1778 Lau-

139 1826 226 1888 reaci
245 1829 278 1888 in
292 1827 429 1888 Anasum
451 1825 647 1906 praecipitari
669 1842 738 1888 eum
760 1826 902 1889 iusserat.
936 1826 1080 1890 Referam
1106 1822 1146 1888 od
1163 1840 1243 1886 con-

140 1935 198 1998 sul.
213 1954 240 1998 a.
256 1955 285 1998 u.
303 1936 393 2000 1039.
412 1935 597 1999 Diocletiani
626 1937 781 2015 secundo,
814 1955 832 1998 e
864 1942 958 2019 gente
986 1935 1216 1999 Vettiorum...
1231 1979 1239 1994 .

138 2044 228 2125 Lapis
248 2044 371 2108 Celeiae
393 2045 495 2121 (Grut.
506 2044 579 2124 283,
590 2046 637 2122 5.)
646 2045 846 2109 Constantino
869 2045 940 2127 imp.
951 2045 1111 2109 dedicatus
1131 2042 1241 2106 Narti-

139 2154 263 2217 nianum
283 2153 459 2218 Praesidem
483 2153 662 2234 provinciae
680 2154 815 2218 Noricne
834 2154 1050 2218 llediterrnnei
1064 2154 1157 2233 [sic];
1177 2152 1241 2215 Lex

141 2270 241 2327 autem
263 2261 314 2327 44.
329 2263 362 2326 0.
381 2263 435 2326 Th.
454 2263 492 2327 de
514 2263 680 2326 Decurion.
697 2264 785 2327 Coss.
802 2264 932 2327 Datiano
955 2271 986 2327 et
1007 2262 1136 2327 Cereale
1160 2281 1187 2325 a.
1201 2260 1239 2323 D.

139 2373 213 2437 357.
227 2374 297 2438 data
313 2370 479 2436 ‘Vicarium
503 2370 639 2436 dirioae'
661 2374 798 2437 nominat
828 2375 896 2438 sine
924 2373 1017 2436 dubio
1044 2373 1137 2435 lilium
1159 2371 1238 2450 eius,

138 2501 229 2566 quern
252 2502 320 2547 cum
346 2490 430 2548 esset
448 2483 596 2566 Magister
620 2483 798 2548 Oiiiciorum
819 2485 853 2548 L.
866 2485 1001 2548 Licinius
1024 2485 1142 2548 socium
1163 2499 1239 2546 suae

140 2599 248 2658 contra
272 2594 501 2679 Constantinum
526 2594 730 2675 expeditionis
752 2594 868 2674 babuit,
893 2601 923 2658 et
937 2596 1100 2659 Caesarem
1124 2593 1242 2657 creavit

139 2723 167 2767 a.
182 2704 255 2769 322.
271 2704 310 2769 de
332 2722 392 2786 quo
406 2706 523 2785 Victor,
546 2705 658 2768 Zosim.
672 2704 692 2767 l.
707 2705 745 2769 ll.
756 2712 787 2769 et
807 2706 913 2789 Sigon.
923 2705 943 2768 l.
954 2706 1003 2768 lll.
1014 2706 1054 2769 de
1074 2704 1239 2785 lmp.Occ.,

138 2831 228 2877 ovum
249 2832 325 2878 vero
346 2816 412 2879 eius
433 2815 620 2897 Nartiuiani,
643 2833 734 2897 mem
755 2817 893 2880 nominat
915 2815 1087 2900 Symmach.
1100 2815 1237 2896 llllep.

139 2924 189 2989 29.
205 2943 355 3008 quemque
371 2932 509 3007 tempore
522 2926 634 2990 Zosimi
648 2925 679 2989 P.
691 2927 726 2990 ll.
740 2927 892 2991 ecelesiae
904 2926 1130 2990 Mediolanensi
1145 2925 1241 2989 Prac-

138 3034 236 3098 sutem
263 3035 383 3098 sedisse
411 3035 494 3098 circa
524 3054 551 3098 a.
568 3036 604 3098 ll.
615 3034 688 3100 417.
710 3036 931 3121 martyrologia
960 3037 1098 3099 indicant
1126 3040 1156 3098 et
1182 3051 1240 3098 ceu

136 3141 246 3206 Naroli
268 3161 481 3208 successorem
504 3145 641 3209 celebrat
662 3146 693 3209 in
718 3147 897 3230 epigramm.
912 3145 1082 3210 Ennodius.
1117 3146 1155 3209 Et
1168 3145 1239 3207 binc

237 3380 267 3451 *J
288 3381 349 3433 Vita
367 3397 388 3434 s.
398 3380 570 3435 blaximiliani
585 3382 753 3450 ap.blucbar.
765 3381 782 3434 l.
791 3400 813 3437 c.
823 3399 848 3452 p.
856 3383 917 3438 458.
927 3399 966 3453 sq.
978 3383 1092 3453 „Horum
1110 3382 1239 3450 tempori-

139 3473 188 3527 bus
211 3475 283 3546 [Cari
305 3485 333 3530 et
353 3478 455 3551 Carini]
477 3486 504 3531 et
526 3479 558 3531 ab
579 3479 679 3532 eisdem
699 3481 811 3540 mittitur
829 3482 862 3534 ad
880 3480 972 3533 urbem
994 3480 1112 3534 Celeiam
1133 3480 1239 3550 quidam

138 3576 280 3639 tyrannus,
304 3573 414 3628 abusive
442 3575 528 3628 dictus
546 3575 643 3642 iudex,
668 3578 812 3630 secundum
833 3579 1051 3632 consuetudinem
1071 3586 1167 3644 terrae,
1188 3591 1240 3628 no-

138 3667 210 3720 minc
228 3668 364 3736 Spissius,
385 3678 413 3722 ut
431 3671 545 3724 insultus
563 3671 717 3725 Hunnorum
736 3681 781 3727 aut
804 3674 968 3728 Tartarorum
989 3683 1034 3727 aut
1059 3675 1169 3728 aliarum
1195 3672 1240 3726 ic·

137 3765 240 3816 rocium
261 3767 396 3819 nationum
415 3767 448 3819 ab
471 3770 575 3821 oriente
595 3785 653 3821 cum
674 3771 826 3825 fortissimis
846 3774 995 3844 agminibus
1016 3773 1170 3841 frequenter
1190 3786 1240 3823 ve-

138 3862 268 3915 nientium
288 3871 315 3916 et
333 3871 428 3917 terram
448 3865 521 3918 illam
541 3882 610 3937 qnae
629 3876 692 3921 tunc
712 3873 837 3938 temporis
846 3871 981 3924 Romanas
992 3871 1117 3924 tributum
1131 3869 1241 3923 solvens

138 3957 233 4012 ditioni
253 3967 281 4013 st
300 3962 407 4014 tuitioni
426 3963 549 4030 suberat,
569 3969 665 4019 acriter
686 3971 844 4020 vastantium
864 3969 990 4023 cohibere
1009 3969 1119 4022 deberet
1138 3967 1241 4020 viribus

138 4062 165 4109 et
191 4057 325 4125 praesidio
352 4059 537 4114 Romanorum.
588 4065 638 4128 Qui
667 4065 763 4117 multas
792 4067 914 4119 civitates
941 4068 1124 4135 pertransiens
1151 4063 1241 4117 valida

93 4166 101 4178 ·
137 4168 216 4206 mauu
235 4153 401 4209 Christianos
426 4173 492 4227 quos
511 4161 630 4226 invenit,
649 4160 681 4213 ad
700 4161 831 4223 sacrificia
850 4163 981 4216 idolorum
1002 4166 1098 4229 traxit,
1118 4161 1241 4214 nolentes

138 4261 202 4302 roro
222 4251 274 4305 sibi
294 4255 445 4307 consentire
464 4255 577 4310 diversis
596 4259 757 4312 cruciatibus
776 4261 964 4314 interemit..“.
1001 4262 1091 4315 Polam
1111 4259 1180 4312 banc
1198 4258 1242 4309 vi-

141 4349 192 4398 tm
208 4348 242 4401 sd
259 4349 385 4404 historias
404 4351 573 4410 illustrandas
593 4355 693 4409 nullius
712 4372 775 4410 usus
794 4373 854 4413 csse
871 4360 951 4412 etiam
968 4359 1124 4413 biucbarius
1143 4355 1218 4410 vidit.

93 4454 1275 4592 πετὲ-,ζῇ
