2918 4914
1044 262 1174 308 ah·

189 334 195 345 Ι
261 407 330 457 car.
349 408 427 460 xxv.
451 409 492 456 nn
515 408 585 456 eno.
601 347 880 471 81*.ti.B...10.
1020 369 1128 462 '577¹‘

121 607 236 672 castelli
258 607 360 671 octavi
390 607 574 688 recepimus.
621 606 765 673 Gelenius
787 609 829 679 (o)
857 609 1015 673 nominum
1038 629 1128 675 casus

121 718 204 800 riptis
227 717 387 781 codicibus
416 735 478 779 non
510 717 641 782 fideliter
664 719 832 800 expressit,
863 719 941 798 scd,
970 720 997 783 si
1028 722 1127 803 ipsum

121 847 141 908 ι,
164 828 349 906 emendavit,
374 827 406 891 id
427 833 474 892 est
487 827 525 892 ad
540 830 761 913 grammaticae
782 829 858 893 artis
881 837 1047 912 praecepta
1057 850 1128 895 mu-

131 943 164 1001 nt
186 939 336 1001 incertum
358 938 416 1016 sit,
431 939 538 1001 'utrum
562 937 678 1018 codex,
705 938 854 1020 adquam
880 958 1045 1022 expressus
1069 947 1141 1028 est,
1174 954 1182 969 ·

121 1047 199 1111 idos
220 1066 260 1109 an
283 1047 456 1111 Anderidos
478 1049 544 1111 sive
563 1047 728 1110 Anderitos
750 1049 894 1113 habuerit
915 1055 967 1114 aut
990 1046 1126 1131 omnino,

122 1178 190 1223 mea
221 1158 326 1240 opinio
348 1165 412 1238 est,
437 1157 620 1222 vocaltulum
644 1158 792 1223 omiserit.
823 1177 926 1243 neque
947 1161 1126 1226 Pancir'olus

124 1269 200 1333 lde
221 1268 406 1350 scriptorum
430 1268 573 1332 codicum
599 1268 785 1333 condicione
809 1268 938 1333 verbnm
961 1270 1045 1350 iecit,
1069 1256 1126 1336 sed

149 1377 243 1442 modo
264 1377 443 1459 ,Anderido
472 1377 555 1441 aliud
588 1378 731 1460 oppidum
763 1379 903 1443 eiusdem
931 1380 1065 1444 nominis
1094 1381 1127 1445 in

121 1488 222 1572 gallica
231 1489 436 1552 Ptolemaeum
447 1488 627 1552 nominara‘
637 1488 805 1552 annotavit.
829 1488 1126 1573 (cl.suprap.282*.

121 1597 264 1662 inderido
292 1597 474 1661 vocabulum
505 1597 651 1661 scribitur
672 1597 752 1679 apud
774 1598 979 1679 Camdenum,
1007 1600 1127 1667 Bruze-

129 1709 160 1773 ln
181 1709 377 1783 Martiniano,
398 1693 625 1788 lleichardum,
653 1708 787 1772 dederis
810 1709 890 1791 apud
908 1711 1125 1792 D'Anvillium,

121 1819 206 1884 llium
231 1825 262 1882 et
285 1820 446 1901 Lapieu1n3
481 1817 581 1883 nullus
609 1825 734 1901 praeter
761 1819 842 1884 hanc
870 1821 1014 1885 Notitiam
1038 1831 1125 1888 vetus
1234 1833 1237 1842 '

121 1930 180 1995 lroo
203 1947 316 1994 nomen
342 1930 450 2008 hahet,
477 1929 516 1992 de
539 1947 599 2012 quo
623 1930 796 1995 camdenus
818 1949 846 2012 p.
869 1931 939 1995 185.
956 1933 1004 2010 ,A
1026 1932 1126 1998 Cantii

121 2041 245 2122 tinquit
273 2041 468 2122 „priusquam
494 2034 603 2122 Osney
632 2040 761 2104 insulam
784 2046 931 2123 spargat,
954 2039 1127 2106 Ncioendeo

121 2151 184 2229 ‚aa
208 2151 287 2214 osca
308 2151 368 2213 nn
391 2149 515 2228 nocua,
540 2150 582 2214 aa
604 2149 736 2214 miliaria
757 2130 851 2232 anic
865 2150 1052 2214 aenonnmo
1077 2152 1128 2215 ‹n-

121 2260 251 2340 plmbet,
275 2262 357 2342 quod
380 2261 475 2325 suissc
497 2266 618 2342 portum
641 2261 723 2323 illum
745 2259 797 2323 diu
820 2260 1010 2341 quaesitum,
1036 2279 1126 2343 quem
1149 2289 1154 2305 ·

121 2388 202 2437 arum
225 2372 305 2434 liber
328 2370 533 2446 Andocidem,
552 2370 689 2434 Britanni
713 2369 795 2434 Caer
817 2369 963 2451 Andred,
986 2370 1126 2436 Saxones

121 2480 267 2545 dceosmr
290 2487 520 2563 nuncuparunt,
552 2482 618 2545 iere
640 2481 851 2575 persuadeor:
883 2481 1013 2563 primunr
1041 2483 1123 2565 quod

121 2611 144 2658 e
164 2592 403 2656 vetustissimum
427 2591 523 2657 tuisse
553 2592 695 2673 oppidum
726 2598 756 2655 et
778 2597 897 2673 portum
927 2600 1124 2658 asseverent:

121 2702 245 2785 cmrod
273 2702 312 2766 sd
336 2701 578 2765 Aadredsmolde
603 2701 738 2784 sylvam,
768 2701 818 2765 oui
851 2719 965 2767 nomen
996 2704 1123 2783 creavit,

135 2812 248 2877 hahet:
271 2819 428 2894 postremo
443 2811 525 2893 quod
537 2811 724 2888 Brittendea,
748 2812 768 2875 i.
784 2831 811 2876 e.
825 2812 1040 2877 Britannorum
1055 2813 1126 2877 val-

124 2941 242 2988 axones
264 2922 381 2986 dixisse
406 2922 569 2986 videantur
593 2923 653 2999 (uti
674 2923 765 2986 etiam
789 2922 980 3005 sepontium,
1004 2923 1125 3006 dequo

121 3043 142 3112 t,
162 3026 247 3095 unde
269 3031 490 3095 Seloeitteaden
511 3032 567 3095 toti
582 3031 746 3096 centuriae
760 3032 941 3113 [centenae
964 3031 1124 3116 Handred]

121 3142 176 3207 enti
199 3160 321 3206 nomen.
361 3143 492 3208 Romani
515 3147 548 3205 ut
569 3142 650 3205 hanc
673 3159 758 3205 oram
781 3148 890 3206 contra
912 3143 1053 3209 Saxones
1075 3143 1125 3224 pi-

125 3228 302 3327 tuerentur,
330 3270 488 3317 numerum
513 3251 702 3316 Abulcorum
731 3270 799 3316 cum
828 3270 935 3316 eorum
965 3253 1123 3334 praefecto

121 3367 273 3427 aluerunt.
316 3359 425 3428 Postea
448 3368 552 3426 tamen
578 3362 734 3428 Saxonum
764 3362 870 3426 furore
894 3361 1014 3443 penitus
1036 3361 1125 3427 delo-

120 3472 255 3537 oncidit:
277 3472 444 3555 Hengistus
460 3472 552 3553 enim,
575 3492 643 3538 cum
662 3472 827 3536 Britannos
844 3471 982 3535 oCantio
998 3473 1123 3538 omnino

121 3598 186 3644 carc
208 3581 241 3643 in
264 3561 375 3650 animo
390 3581 528 3660 haberet,
553 3628 578 3644 ..
595 3580 731 3646 .Aellam
747 3572 771 3645 e'
787 3581 950 3645 Germania
973 3598 1041 3644 curn
1056 3601 1125 3646 ma·

121 3691 261 3754 taxonum
290 3710 381 3755 manu
404 3692 555 3756 evocavit.
606 3691 757 3766 Quidum
780 3708 893 3774 magno
921 3691 1034 3773 impetu
1055 3693 1125 3756 An·

121 3820 164 3865 am
186 3800 267 3864 hanc
290 3808 491 3885 oppugnaret,
513 3801 651 3867 Britanni
670 3821 689 3865 c
710 3802 795 3886 sylva
812 3802 951 3884 proxima
972 3802 1125 3867 insidian-

121 3930 138 3974 a
163 3929 232 3974 eum
255 3911 460 3994 exagitarunt,
483 3917 516 3974 ut
532 3931 600 3975 cum
621 3912 743 3978 tandem
756 3919 826 3995 post
846 3911 953 3977 multas
974 3911 1054 3975 ultro
1078 3912 1146 4007 ⁰5²,

121 4042 132 4086 a
156 4023 256 4090 illatas
281 4021 385 4086 clades
408 4023 526 4103 partitis
547 4023 644 4104 copiis
667 4029 696 4086 et
714 4024 878 4088 Britannos
900 4023 932 4085 in
954 4013 1125 4106 sylvis'lu·

128 4180 139 4212 ,
169 4135 341 4214 eodemque
374 4139 511 4215 tempore
548 4135 579 4196 in
613 4133 756 4215 oppidum
785 4135 967 4216 irrupisset;
1010 4134 1051 4197 ita
1083 4132 1123 4196 ad

121 4251 189 4308 :tam
209 4245 333 4308 harbarl
355 4245 473 4309 animus
495 4245 629 4324 exarsit,
652 4249 686 4307 ut
708 4245 822 4309 occisis
851 4244 962 4308 incolis
987 4242 1122 4307 funditus

121 4354 180 4418 crit.
209 4352 321 4417 ‘Locus
350 4371 427 4418 vero
454 4354 610 4418 desolatus
634 4353 735 4418 multis
764 4359 834 4436 post
862 4352 996 4418 sacculis
1020 4357 1123 4415 trans-
