2918 4914
200 387 291 473 910⁹
316 412 484 462 innomi>
499 412 575 463 nor.
586 413 657 461 occ.
668 413 735 461 aar.
744 412 860 461 xxxix.
870 414 936 465 arx
954 408 1251 464 aocourmcansra.

202 609 282 692 apud
314 612 483 693 scriptores
505 612 599 676 medii
628 611 697 675 aevi
726 612 845 676 formae
874 610 1114 693 Mapontiocum,
1136 610 1320 699 Mogontia,-

199 718 276 782 etrbs
297 719 482 802 Mopontinc,
503 719 707 802 Mopoatt'oco,
732 720 900 804 Mogontia,
921 716 1159 803 Mapontiocnm,
1173 719 1307 802 liupon-

199 829 255 905 tto,
276 828 435 912 Mopootto
448 847 543 912 saepe
561 831 715 914 leguntur.
741 832 781 895 cl.
795 851 822 894 c.
838 849 886 913 gr.
899 832 1032 896 Manum.
1044 831 1146 895 Germ
1156 828 1180 893 1.
1191 848 1221 911 p.
1231 826 1303 893 647.

199 939 309 1003 bh.vv.
344 941 454 1005 Postea
476 958 594 1003 careae
615 941 798 1005 vocabulum
826 960 866 1005 ex
893 959 1003 1006 caussa
1030 941 1168 1004 nondum
1192 940 1306 1023 explo-

197 1052 265 1112 rata
293 1049 449 1113 civitatem
473 1052 635 1133 accepisse
663 1058 768 1115 notum
791 1058 838 1114 est
860 1050 917 1128 (cf.
934 1051 1054 1115 Bruzen
1073 1051 1103 1115 la
1124 1051 1212 1114 biart.
1230 1056 1303 1112 tom.

198 1157 261 1222 vll.
274 1158 459 1224 col.975.et
480 1160 631 1224 Simrock.
644 1179 673 1242 p.
689 1163 757 1224 111.
768 1182 778 1239 ;
799 1160 854 1224 sed
877 1160 958 1242 qnod
978 1160 1060 1223 idem
1082 1159 1199 1223 amicus
1216 1176 1303 1224 meus

198 1267 334 1350 scripsit,
358 1271 546 1351 temporibus
560 1272 768 1335 Romanorum
788 1270 1017 1353 Mogontiacum
1037 1270 1174 1352 terrenas
1189 1269 1303 1333 dictum

198 1395 279 1458 esse,
304 1378 387 1443 uude
411 1379 539 1444 haberet
559 1399 618 1444 nec
641 1380 828 1463 significavit
850 1398 951 1461 nequo
971 1398 1054 1444 nunc
1075 1380 1302 1444 reminiscitur:

198 1493 283 1552 certe
304 1489 448 1552 usitatum
470 1490 530 1553 hoc
550 1489 735 1553 adiectivum
755 1507 857 1571 neque
878 1489 931 1569 ila,
953 1496 985 1551 ut
1009 1490 1109 1570 amsi,
1134 1489 1232 1553 luisse
1253 1489 1303 1552 vi-

199 1596 298 1678 detur,
318 1612 418 1680 neque
441 1599 482 1662 ita
504 1604 537 1661 ut
558 1599 714 1680 nequitiae
737 1600 924 1679 convicium,
938 1599 1021 1680 quod
1035 1598 1303 1684 mogontiacensi-

196 1706 255 1771 bus
276 1707 350 1771 olim
370 1714 496 1791 propter
510 1710 686 1774 Germanici
710 1709 854 1773 vocabuli
876 1709 956 1772 mmo
973 1709 1012 1789 (i.
1025 1727 1052 1772 e.
1070 1710 1177 1789 falsus,
1201 1710 1300 1788 netas,

196 1828 344 1900 nequam)
373 1817 630 1901 significationem
655 1819 796 1884 inhaesit.
841 1818 886 1885 be
915 1820 1049 1883 nominis
1081 1812 1186 1915 &cipp
1208 1814 1300 1882 valde

197 1927 351 2009 disputant
365 1927 466 2006 docti3
481 1929 555 1992 mihi
569 1947 690 2012 quoque
712 1931 844 1993 maxime
867 1930 969 2011 placet
990 1930 1027 1994 ab
1052 1930 1140 1993 ostiis
1154 1928 1258 1993 bloeni
1270 1931 1300 2007 *,

197 2037 314 2101 civitati
343 2039 524 2118 contrariis,
549 2038 629 2102 hanc
659 2038 841 2121 appellatam
863 2057 951 2118 esse,
976 2055 1054 2120 quae
1086 2045 1117 2101 et
1144 2039 1210 2119 ipsa
1236 2036 1303 2120 spl-

195 2146 274 2212 labis
297 2164 386 2210 onem
407 2149 561 2212 civitatem
582 2149 620 2210 ad
644 2166 739 2230 aquas
768 2150 857 2212 sitam
877 2166 949 2212 sese
972 2148 1077 2229 prodit
1098 2149 1197 2229 (cip.
1210 2147 1299 2212 9371.

197 2256 278 2338 adp.
292 2257 485 2335 115*.l.3.):
514 2258 610 2339 ipsius
638 2258 722 2320 lluvii
745 2257 967 2339 appellationes
990 2256 1110 2335 Multo,
1133 2255 1217 2318 licia
1244 2256 1302 2334 (cl.

196 2368 330 2434 bionum.
343 2368 444 2432 Germ.
456 2368 496 2445 l.)
505 2367 544 2430 ad
568 2367 698 2431 formam
721 2368 924 2449 antiquiorem
946 2365 1049 2448 ticcio
1063 2365 1212 2448 (licceat
1232 2354 1304 2428 lilo-

196 2476 296 2559 poai)
310 2479 462 2542 referunt:
477 2494 549 2540 nam
569 2477 651 2558 quoti
666 2476 809 2541 Zeuasius
822 2480 875 2557 tt,
900 2478 948 2541 cui
969 2477 1000 2539 in
1021 2476 1067 2540 bis
1089 2478 1182 2540 rebus
1206 2496 1304 2560 aegre

198 2592 307 2651 contra
329 2587 413 2666 dico,
435 2604 547 2650 nomen
562 2585 710 2650 Celticum
724 2605 842 2668 macas,
866 2586 1005 2651 Galicum
1026 2587 1125 2669 mopt,
1148 2587 1304 2651 iocam-

196 2713 263 2777 pus,
288 2695 421 2777 planum,
448 2696 479 2757 in
503 2696 607 2777 priore
624 2694 809 2777 iiopontioci
830 2703 917 2777 parte
940 2697 1071 2778 reperiri
1095 2683 1230 2779 scripsit,
1245 2718 1304 2762 ve-

196 2824 264 2870 rum
285 2823 348 2869 non
371 2822 442 2868 esse
465 2812 554 2886 puto,
576 2810 638 2868 tum
667 2813 793 2887 propter
817 2812 998 2871 vetustatem
1021 2808 1140 2872 formae
1164 2804 1302 2889 trapam,

197 2922 260 2979 tum
281 2921 408 2996 propter
429 2914 533 2978 locum
555 2932 645 2996 quem
667 2916 745 2978 istae
765 2916 922 2998 syllabae,
948 2918 1024 2982 alias
1047 2918 1181 2981 nonnisi
1202 2936 1304 2981 voca-

197 3024 268 3090 bula
292 3025 465 3107 composita
488 3025 646 3106 linientes,
674 3025 704 3088 in
725 3026 915 3111 llogontiaci
938 3027 1090 3092 vocabulo
1114 3028 1303 3105 obtinerent,

203 3238 375 3246 ...ο-...η-
400 3238 404 3242 .
431 3237 457 3242 .-
469 3233 495 3242 .-

298 3343 330 3411 *J
348 3343 491 3411 Operarnm
511 3358 600 3396 errore
620 3344 646 3395 in
667 3340 798 3409 Panciroli
821 3359 915 3397 eornm.
930 3362 962 3397 ex
976 3345 1218 3416 ed.1593.legitur
1237 3348 1306 3398 ostis

198 3440 258 3493 catti
275 3442 398 3509 pumicis,
417 3442 479 3494 indo
499 3449 642 3510 sequentes
661 3456 753 3494 omnes
775 3442 850 3494 Ocni.

299 3537 347 3606 aa)
365 3536 452 3604 lpsins
467 3538 548 3590 verba
564 3537 629 3590 baec
643 3546 704 3589 aunt
714 3543 751 3607 (p.
762 3537 830 3611 lb.):
842 3538 904 3606 ,der
915 3539 1002 3604 Maia,
1023 3539 1123 3593 Moenia
1134 3540 1207 3604 Met,
1227 3539 1304 3591 bloe-

198 3649 248 3685 nus
267 3634 336 3685 Plias.
353 3633 412 3685 Tac.
427 3632 550 3699 Ennea,
573 3634 704 3686 attinebat.
716 3635 796 3699 bloio,
816 3634 915 3698 blobin,
936 3635 1035 3703 blogin.
1055 3635 1149 3706 blcgus
1167 3637 1196 3686 ia
1213 3641 1304 3704 apute-

197 3746 248 3781 τω
268 3728 416 3794 Urksnden,
438 3731 558 3794 Formen,
576 3731 673 3783 aetate
691 3731 732 3783 dic
750 3733 833 3800 irrigo
850 3731 990 3800 Ableituno
1011 3732 1054 3783 des
1065 3731 1304 3801 Nomenablogon-

199 3828 295 3879 tiacom
322 3826 519 3881 veruntamen:
544 3826 655 3898 bingin,
676 3844 708 3880 ex
730 3843 796 3896 quo,
816 3837 845 3879 ut
869 3828 938 3881 tama
959 3837 1051 3894 sonat,
1072 3828 1207 3899 Mogontia
1233 3829 1304 3881 dicta

199 3921 256 3975 cst’.
281 3922 342 3974 Vita
356 3924 382 3975 S.
390 3922 490 3991 Aegili,
510 3923 629 3976 Browerl
649 3924 740 3976 Sidera
759 3939 785 3991 p.
799 3925 843 3978 36.
873 3924 1077 3994 blagontiacum,
1096 3929 1141 3977 mit
1158 3925 1304 3978 wectsetn-

199 4022 255 4073 δοίη
271 4020 352 4073 Voltal
371 4022 583 4091 Mogontiacum,
611 4024 656 4074 lact
676 4023 760 4074 nicbts
778 4025 823 4074 anit
841 4023 950 4075 bloeuus
960 4064 968 4088 ,
987 4025 1059 4076 bloin
1080 4026 1182 4093 pometa
1199 4025 1252 4075 und
1271 4025 1305 4076 ist

201 4119 247 4170 mit
268 4117 406 4188 Abicituap
426 4135 473 4169 aas
498 4118 554 4169 dem
578 4121 607 4170 in
630 4098 772 4171 beltiscbcn
795 4120 951 4171 Ortsnomea
974 4121 1093 4190 bdufipea
1118 4136 1230 4190 magus,
1248 4122 1303 4189 oct.

200 4213 291 4287 mogh,
302 4215 373 4279 Felrl,
387 4214 486 4278 stane,
507 4224 574 4267 elwa
592 4216 639 4268 das
651 4217 770 4270 (tenuclae
784 4216 943 4271 Feldeuze“.
964 4217 1067 4270 Videsis
1081 4220 1159 4271 ctiam
1171 4218 1305 4287 Schoepi-

200 4311 246 4365 lin.
257 4310 312 4365 Als.
325 4310 364 4365 ill.
376 4309 397 4363 l.
410 4310 506 4379 pitia.
