2918 4914
101 253 1313 306 Μῦν

1291 314 1315 379 1

345 416 471 467 aaut.
494 415 537 465 un
553 416 620 463 rau.
634 395 790 480 191ᾟ).
802 391 951 468 ‘lit-..24
966 420 1020 495 sq.
1128 396 1242 470 1033*

139 619 249 699 ,Sani,
274 617 338 680 Soa
360 616 459 680 Dono.
504 617 575 680 l’ost
596 616 696 678 Sonos
719 616 931 681 desideramus
959 620 1151 683 mansionem
1174 637 1243 683 eum

140 726 220 791 Xm.
231 745 259 809 p.
272 728 333 790 nisi
355 727 436 791 desit
448 727 499 790 hio
518 744 664 790 numerus
676 727 816 809 sequenti
829 727 901 791 loco
912 727 1120 791 concordiae«
1128 751 1137 807 3
1153 728 1244 793 Wal-

140 837 277 903 ckenaer
290 839 397 920 Geopr.
410 856 478 900 cac.
494 838 548 900 ates
560 838 673 899 (toalea
682 836 865 920 ,Borsoto“;
888 839 1054 921 Lapieusp.
1068 841 1136 902 175.
1149 838 1245 919 ,For-

142 949 236 1012 otta“.
289 949 336 1012 De
357 950 474 1012 'taneto
504 968 529 1011 s.
548 949 686 1012 'lanneto
710 949 789 1012 inter
811 949 947 1012 Parmam
969 969 1006 1012 ac
1030 949 1159 1032 Regium
1184 951 1245 1013 Le-

140 1058 204 1140 pidi
222 1059 253 1121 in
273 1060 433 1140 provincia
446 1057 577 1123 Aemilia
590 1059 679 1136 (hod.
694 1059 724 1122 S.
740 1057 864 1137 ltorr'o),
879 1076 948 1122 cum
964 1064 994 1122 et
1006 1077 1139 1141 sequens
1152 1078 1246 1141 prae-

142 1169 262 1234 fectura
293 1171 324 1232 in
349 1169 483 1233 Aemilia
515 1170 589 1248 luit,
617 1170 808 1253 cogitarem,
840 1170 900 1233 nisi
924 1171 1067 1234 codicum
1095 1170 1246 1252 scriptura

143 1279 293 1345 ohstaret.
336 1281 381 1345 Ne
404 1298 480 1344 vcro
497 1281 566 1362 quis
589 1280 628 1343 de
652 1280 764 1344 Bantia
781 1299 806 1343 s.
821 1279 953 1343 Saatleio
973 1280 1167 1346 vercellensi
1190 1298 1249 1362 op-

142 1391 214 1473 pido
238 1391 319 1455 inter
335 1390 495 1456 Vercellas
517 1391 765 1472 Eporediamque
789 1391 849 1454 sito
872 1391 1249 1473 (Hassel.p.4ttti.]cogi-

146 1507 204 1581 tet,
232 1501 265 1564 itl
286 1519 399 1566 nomen
430 1520 470 1565 ex
493 1502 626 1566 Sanctae
648 1501 790 1583 Agathae
815 1508 1007 1565 contractum
1030 1520 1102 1565 esse
1125 1519 1249 1564 moneo.
1295 1503 1298 1509 '

145 1610 294 1676 Sanitium
319 1617 419 1675 autem
440 1610 529 1689 (hod.
544 1610 661 1690 Sonos)
683 1610 714 1672 in
732 1609 860 1692 Alpibus
882 1611 1061 1691 maritimis,
1086 1610 1252 1674 Gallianum

144 1720 327 1803 provincia,
350 1721 440 1785 situm
463 1729 520 1786 est.

229 1869 271 1882 -
291 1833 337 1909 il.
352 1833 477 1913 94.sq.]
498 1830 657 1894 Bononiae
679 1845 788 1892 omnm.
813 1833 845 1892 οι
867 1831 970 1894 emilia
988 1831 1024 1894 o.
1050 1831 1180 1895 Colonia
1192 1831 1255 1893 La-

145 1943 208 2006 tina
231 1960 259 2006 a.
277 1940 345 2007 189.
358 1948 429 2005 ante
447 1942 517 2005 Chr.
531 1960 562 2004 n.
583 1942 727 2021 deducta,
751 1942 832 2018 (Liv.
844 1941 995 2006 xxxvu.
1010 1943 1073 2021 57,
1100 1940 1176 2005 Veli.
1190 1940 1253 2003 l’at.

146 2051 167 2114 Ι.
184 2054 236 2132 15,
250 2054 281 2115 9.
305 2052 345 2115 cl.
361 2053 425 2115 liv.
438 2051 490 2114 lib.
505 2053 556 2115 cit.
570 2071 597 2115 c.
611 2053 676 2131 47,
698 2051 780 2115 Paul.
797 2071 837 2115 ex
850 2053 940 2116 Festo
960 2071 989 2114 v.
1003 2051 1201 2132 Municipium
1221 2068 1252 2131 p.
1351 2038 1356 2060 '

148 2161 278 2225 med.
291 2161 392 2243 Mill.)
413 2163 451 2225 ab
473 2163 645 2227 Octaviano
663 2161 798 2226 Caesare
820 2182 848 2226 a.
862 2162 913 2226 39.
934 2169 1006 2227 ante
1022 2162 1093 2227 Chr.
1105 2182 1135 2225 n.
1149 2162 1254 2224 denuo

146 2277 248 2336 aucta.
272 2272 348 2350 (Dio
366 2271 451 2337 Cass·
468 2273 502 2336 L.
515 2271 545 2336 6.
562 2270 703 2354 ,odorae
724 2270 786 2356 γὰρ
811 2269 886 2346 τούς
909 2270 970 2335 ὑπὸ
1000 2273 1057 2335 τοῦ
1080 2269 1255 2336 Ἀντωνίου

144 2381 404 2461 ἀποικισθέντας,
425 2379 463 2445 τὰ
486 2384 545 2463 μὲν
568 2383 768 2468 ἐκφοβήσας,
791 2371 848 2445 ἆίι
870 2379 997 2462 ὀλίγους
1020 2373 1131 2460 ὄντας,
1154 2379 1193 2443 τὰ
1218 2381 1255 2443 δὲ

143 2493 203 2555 καὶ
223 2489 433 2575 εὐεργετήσας
462 2495 691 2574 προςετὲθειτο.
724 2493 763 2555 ra'
786 2514 820 2556 rs
840 2489 903 2576 γὰρ
928 2482 1010 2556 ἄλλα
1031 2493 1087 2555 καί
1105 2489 1179 2562 τούς
1199 2486 1258 2571 τήν

146 2602 310 2664 Βονωνίαν
339 2603 545 2676 ἐποικοῦντας
572 2599 673 2677 αοίὀς
696 2592 811 2684 αὖθις,
835 2601 887 2665 ἵνα
909 2599 948 2684 δή
975 2600 1031 2666 καί
1059 2600 1116 2685 ὑφ’
1139 2592 1258 2661 ἑαυτοῦ

142 2707 331 2796 ἀπῳκίσθαι
352 2713 478 2789 δοκῶσι,
498 2713 827 2795 προςκατεστὴσιιοῑί.
851 2714 1066 2778 Bononienses
1087 2713 1136 2793 ,in
1156 2710 1259 2773 Anto-

142 2820 269 2883 niorum
282 2820 425 2885 clientela
442 2823 609 2904 antiquitus
623 2831 738 2888 erant‘.
759 2826 843 2889 Suet.
854 2826 921 2890 Oct.
937 2826 1004 2904 17.)
1029 2825 1154 2887 Nerone
1166 2838 1260 2902 ,ora-

143 2936 218 2994 tore
232 2929 425 2994 Bononiensi
441 2933 584 2998 coloniae
605 2935 670 3017 igni
693 2936 822 3000 haustae
840 2937 1022 3000 subventum
1046 2934 1164 2997 centies
1189 2949 1261 2995 ses-

142 3039 231 3104 tertii
266 3041 461 3124 largitione.
486 3042 558 3108 lac.
572 3048 651 3108 Ann.
670 3046 797 3109 711158.
813 3083 852 3096 -
875 3046 949 3108 Plin.
962 3047 998 3108 ll.
1010 3045 1046 3108 N.
1058 3044 1108 3105 lll.
1122 3044 1170 3104 15.
1181 3046 1258 3104 sect.

144 3149 200 3214 99.
214 3151 351 3231 ,Octava
381 3154 471 3235 regio
496 3153 717 3218 determinatur
739 3156 891 3234 Arimino,
923 3155 1016 3232 Pado,
1036 3152 1258 3233 Apennino...

145 3260 237 3325 Intus
259 3261 402 3326 coloniae
422 3263 574 3343 Bononia,
598 3265 720 3328 Felsina
743 3267 889 3343 vocitata,
916 3283 985 3328 curn
1007 3263 1150 3343 princeps
1167 3261 1262 3322 Etru·-

143 3371 217 3434 riae
241 3378 335 3451 esset,
359 3372 536 3436 Brixillum“
558 3380 625 3437 ctc.
648 3375 687 3438 cl.
704 3376 768 3438 Liv.
783 3373 975 3439 returnar.
987 3379 1017 3434 ct
1028 3373 1116 3436 Serv.
1127 3371 1165 3433 ael
1181 3368 1262 3431 Ver-

143 3480 204 3562 gil.
218 3479 256 3543 X.
271 3481 341 3545 198.
353 3485 421 3561 (ed.
433 3483 520 3547 Lion.
531 3484 554 3546 l.
564 3503 593 3565 p.
604 3485 694 3561 561.)
706 3486 854 3567 ,Ocnum
868 3484 1061 3548 ...referunt
1071 3529 1078 3544 .
1090 3529 1112 3543 ..
1128 3499 1168 3544 no
1192 3496 1261 3541 cunr

145 3592 248 3655 fratre
270 3593 492 3673 contenderet,
516 3593 547 3655 in
571 3612 649 3676 agro
672 3594 790 3657 Gallico
816 3594 978 3658 Celsenam
1009 3593 1060 3668 [ol.
1082 3591 1261 3667 Felsinam],

146 3717 231 3781 quae
255 3718 338 3764 nunc
361 3702 503 3766 Bononia
525 3702 647 3782 licitur,
672 3703 881 3767 condidisset
906 3703 945 3766 ct.
959 3700 1139 3765 Sil.ltal.a‹t
1155 3696 1261 3775 itti).

146 3828 198 3893 sq.
212 3817 344 3876 transcr.
362 3819 392 3877 et
412 3812 484 3876 vide
507 3814 585 3878 0tlr.
601 3814 721 3879 llrilleri
744 3812 898 3876 Btraslrer
921 3813 943 3876 l.
958 3831 988 3894 p.
1005 3811 1074 3876 132.
1095 3808 1164 3874 139.
1181 3809 1218 3872 ll.
1232 3824 1263 3889 p.

151 3922 226 3988 975.
240 3921 388 3987 Malvesia
412 3923 582 4000 (Marmora
604 3925 755 3988 Felsinea.
787 3924 948 3988 Bononiae
967 3921 1057 3986 1690.
1072 3921 1160 4001 iol),
1183 3917 1263 4000 apud

146 4048 241 4112 quern
266 4032 306 4096 de
327 4034 426 4096 veteri
447 4033 588 4097 Bononia
608 4033 759 4114 imprimis
783 4033 984 4112 p.1tt9.sqq.
1005 4030 1161 4093 videndae
1181 4032 1263 4106 sunt,

145 4140 433 4225 p.43.„Felsinam
456 4147 575 4205 acutum
605 4159 720 4205 serrare
752 4148 782 4205 et
811 4139 1079 4222 propupnotulam
1113 4136 1266 4219 reptante«

150 4250 302 4333 affirmat,
325 4251 473 4335 ,aliarum
503 4271 611 4334 nempe
642 4252 855 4343 Xllltruriae
886 4251 1024 4332 urbium,
1057 4250 1168 4332 quibus
1199 4247 1266 4326 ipsa

152 4361 326 4427 emicabat
349 4369 380 4429 at
401 4383 439 4444 ,a
461 4364 587 4446 proprio
610 4362 759 4429 Boiorum
785 4368 996 4447 cognomento
1020 4359 1184 4425 Botoaiom
1205 4350 1269 4417 lici
1342 4378 1345 4383 ·

1059 4502 1062 4515 l

101 4550 1066 4619 &mmm-2⁸3
1072 4578 1284 4603 ·.·------·
1116 4568 1284 4585 ““·“““·“““··
