2918 4914
99 260 1305 325 «ἕξειὲξει-τεῶ,

438 414 570 484 nabun.
601 437 641 483 an
666 437 736 484 raa.
756 416 857 488 118&
870 424 898 500 l.
914 419 972 488 li).
1143 412 1258 489 1005*
1306 266 1334 385 ἶ

150 637 201 701 rel
229 638 383 702 minimam
411 637 650 702 sollicitudinem
674 636 790 701 civitati
814 638 958 718 propriae
986 637 1109 701 videtur
1136 639 1258 719 impen-

151 747 237 827 dere,
263 754 292 810 et
315 748 395 812 inter
417 766 490 812 suos
514 765 625 832 magna
646 747 821 811 reverentia
843 747 1017 827 perfruatur
1039 749 1089 828 qui
1114 748 1199 811 cives
1221 766 1257 812 se

150 876 256 921 amare
276 858 437 940 protessus
463 864 520 939 cst,
546 865 646 921 tamen
666 856 852 919 indubitatus
877 856 980 920 bonor
1000 863 1048 920 est
1074 859 1125 939 qui
1150 865 1258 922 nostra

149 968 305 1033 electione
334 969 512 1049 confertur,
538 968 608 1051 quia
637 967 794 1049 praeditus
823 966 913 1030 bonis
943 968 1089 1032 institutis
1121 968 1258 1031 ereditur

150 1079 200 1142 cui
223 1077 340 1159 aliquid
362 1079 509 1160 principis
533 1078 716 1142 auctoritate
738 1077 907 1161 delegatur.
951 1078 989 1140 Et
1011 1077 1084 1140 ideo
1109 1078 1147 1140 ab
1172 1076 1258 1140 indi-

150 1189 253 1252 ctione
278 1189 330 1252 illa
357 1188 439 1252 illius
463 1188 596 1251 civitatis
620 1206 725 1251 curam
747 1188 849 1256 edla
871 1187 1009 1252 volumus
1031 1189 1199 1268 pertinere,
1223 1193 1257 1250 ut

147 1296 320 1360 laudabiles
340 1297 468 1360 ordines
497 1299 601 1360 curiae
625 1298 782 1378 sapienter
804 1298 981 1379 gubernes,
1003 1298 1163 1361 moderata
1182 1315 1258 1378 pre-

149 1407 190 1469 tia
213 1407 251 1470 ab
281 1408 358 1489 ipsis
383 1424 512 1488 quorum
535 1408 682 1487 interest,
704 1408 803 1470 lacios
827 1408 997 1470 custodiri:
1022 1426 1085 1469 non
1108 1408 1148 1471 sit
1170 1426 1258 1470 mer-

147 1532 202 1579 ces
227 1517 259 1577 in
277 1522 429 1597 potestate
450 1516 517 1580 sola
540 1516 749 1596 vendentium,
773 1517 975 1598 aequabilitas
993 1518 1081 1599 grata
1098 1517 1259 1580 custodia·-

150 1630 198 1690 tur
220 1627 252 1688 in
273 1626 424 1689 omnibus.
451 1627 690 1707 Opulentissima
712 1627 738 1688 si
749 1626 872 1706 quidem
888 1632 919 1689 et
933 1627 1006 1690 ltine
1027 1628 1127 1708 gratia
1144 1627 1256 1688 civium

150 1735 323 1818 colligitur,
344 1737 371 1799 si
401 1737 501 1817 pretia
523 1737 579 1800 sub
606 1736 822 1799 moderatione
843 1743 1024 1814 serventur,
1047 1742 1079 1798 ut
1101 1754 1175 1799 vere
1198 1755 1256 1798 eu-

147 1845 260 1909 ratoris
285 1845 413 1925 impleas
435 1845 590 1927 olticium,
616 1864 684 1908 cunr
707 1846 773 1908 Tibi
795 1845 971 1908 sollicitudo
995 1845 1087 1907 suerit
1110 1844 1148 1907 dc
1172 1843 1257 1905 utili-

148 1960 209 2018 tate
232 1961 423 2018 eunctorum.
451 1956 692 2019 consuetudines
708 1966 872 2032 [annonas]
890 1962 990 2019 autem
1013 1955 1068 2016 tibi
1088 1972 1128 2016 ex
1141 1955 1255 2018 Nostra

146 2064 330 2128 auctoritate
352 2064 498 2143 deiende,
513 2083 588 2146 quas
609 2065 641 2127 in
655 2065 766 2128 eodem
789 2065 859 2128 loeo
874 2065 955 2129 Tuos
972 2071 1093 2128 constat
1109 2064 1256 2127 habuisse

145 2174 311 2237 maiores“.
355 2175 528 2239 Nonnulla
553 2193 675 2256 quoque
699 2176 825 2257 negotia
857 2194 936 2256 quae
960 2174 1168 2239 Cassiodorus
1198 2173 1256 2237 sub

145 2282 339 2346 Theoderico
355 2301 432 2366 rege
443 2290 505 2347 tum
515 2285 674 2348 Praelccto
684 2285 816 2367 Vigilum
828 2284 914 2346 urbis
928 2283 1254 2361 RavennatistVllss.)

146 2398 210 2454 tum
223 2392 335 2456 comiti
347 2394 516 2463 Ravennati
532 2392 682 2474 (vltra.)
695 2392 871 2474 adscripsit,
886 2394 1111 2473 antiquioribus
1132 2393 1256 2474 quidem

145 2500 336 2582 temporibus
368 2502 407 2566 ad
430 2503 610 2565 curatorem
634 2503 766 2565 civitatis
795 2509 953 2584 spectasse
984 2502 1189 2581 crediderim,
1215 2501 1254 2565 de

144 2629 205 2692 quo
222 2617 368 2676 tractatus
383 2610 536 2675 Paneiroli
551 2631 617 2693 cap.
628 2613 679 2676 Xl.
694 2613 733 2675 de
753 2612 983 2697 magistratibus
1006 2611 1253 2692 municipalibus,

144 2728 174 2785 et
184 2720 369 2786 Gotlrolredi
382 2740 491 2785 comm.
504 2723 542 2785 ad
552 2723 584 2786 L.
594 2724 644 2787 90.
653 2724 706 2786 Tb.
719 2724 752 2786 C.
764 2722 802 2785 de
814 2723 1007 2787 decurionib.
1019 2723 1131 2801 Xll,t.,
1145 2740 1256 2804 quam-

144 2832 190 2894 ris
213 2838 342 2913 uterque
363 2850 427 2895 non
448 2834 524 2897 satis
548 2839 718 2914 temporum
741 2833 930 2896 diversitatis
955 2834 1107 2898 rationem
1132 2833 1255 2895 lrabue-
1293 2843 1295 2847 ’

143 2942 199 3021 rit,
227 2959 328 3022 neque
350 2942 389 3004 ab
416 2943 485 3006 aliis
509 2961 632 3024 quoque
658 2944 914 3025 permixtionibus
937 2944 996 3008 sibi
1020 2944 1156 3023 caverit,
1181 2943 1253 3005 ideo

143 3052 377 3136 subiungimus,
400 3053 526 3135 utquid
549 3054 588 3117 de
613 3054 702 3116 Curis
724 3054 839 3134 Notitia
860 3055 1038 3117 memoratis
1062 3053 1117 3115 tibi
1140 3052 1254 3116 videa-

143 3163 201 3241 tur,
229 3161 350 3225 lacilius
375 3163 441 3244 ipse
464 3168 589 3225 statuas.

215 3269 395 3323 Paucruour
415 3270 460 3322 DE
480 3270 752 3325 lllAGlS'lltA'llBVS
770 3270 1036 3324 lthNlCll'AllBVS
1055 3269 1181 3321 calui.

248 3367 389 3420 llnbebant
411 3368 535 3420 civitates
558 3367 663 3433 lnndos,
685 3367 766 3420 aedes
791 3375 836 3420 aut
865 3368 1019 3436 pecuarium,
1039 3383 1117 3435 quam
1141 3367 1168 3416 in
1193 3373 1253 3417 tuto

141 3448 187 3514 aut
205 3464 275 3531 apud
296 3467 486 3535 negociatores
506 3464 674 3517 collocabant
693 3465 733 3536 (L.
747 3468 769 3517 t.
781 3470 807 3533 §-
819 3464 959 3534 t.D.quod
979 3466 1080 3516 euiusc.
1095 3465 1168 3515 univ.
1179 3478 1250 3517 nom.

140 3559 247 3633 litt),
271 3562 366 3631 quibus
388 3563 504 3631 aliquem
526 3561 763 3614 administratorem
783 3562 891 3630 praefici
912 3563 1068 3630 oportebat:
1088 3568 1116 3612 et
1134 3560 1195 3613 ideo
1217 3560 1252 3612 ob

140 3656 211 3710 hanc
231 3640 335 3711 eausam
356 3675 371 3711 a
391 3658 579 3711 decurionibus
592 3659 731 3711 creabatur
749 3663 788 3712 rei
804 3666 951 3726 p.curator‚
971 3667 1015 3710 aut
1034 3666 1252 3726 procuratorve..

140 3763 233 3821 catus,
258 3758 303 3825 qui
324 3771 376 3807 non
397 3756 454 3808 fisci
480 3764 525 3808 ant
551 3759 677 3824 principis
701 3758 856 3824 pecuniam,
875 3764 905 3807 nt
925 3764 1078 3823 susceptor,
1098 3757 1145 3809 sed
1167 3757 1252 3824 ipsius

140 3853 258 3905 civitatis
283 3868 327 3905 res
346 3852 558 3919 administrabat,
580 3853 651 3923 quod
672 3862 698 3906 et
717 3857 801 3922 ipsum
822 3870 916 3905 munus
941 3853 1075 3921 publicum
1096 3862 1162 3906 erat.
1200 3854 1251 3906 ilic

140 3949 193 4002 alio
213 3951 323 4002 nomine
343 3949 442 4019 legista
462 3950 607 4003 dicebatur.
646 3951 792 4003 Gordianus
812 3951 1159 4021 montecereado
1180 3951 1253 4003 mul.

139 4054 187 4099 tar.
196 4047 216 4099 1.
225 4047 423 4119 54.)‘Onretor'
437 4050 531 4116 inquit,
548 4049 598 4100 ‘rer'
607 4067 632 4118 p.
643 4049 687 4116 pei
702 4050 804 4101 Graece
823 4048 948 4100 vocabulo
962 4048 1056 4117 lapisto
1074 4058 1251 4118 nuncupetur,

137 4143 268 4196 multandi
285 4145 325 4195 r‘us
344 4160 399 4194 non
418 4143 513 4198 lebet’.
533 4144 685 4215 [blodesti'n.
697 4145 725 4197 L.
737 4148 777 4199 ¹5,
790 4145 851 4208 §12
863 4145 894 4197 Ι).
906 4145 939 4196 de
951 4148 1042 4197 cneus.
1054 4153 1100 4197 tut.
1114 4145 1218 4197 ltXl'll.
1228 4148 1250 4194 t.

138 4244 313 4313 ἢΛογισιεία
331 4241 440 4301 πόλεως
460 4242 527 4296 οὐδὲ
543 4244 584 4302 εἰς
603 4237 733 4313 ἀριθμὸν
751 4246 822 4313 μιᾶς
840 4243 996 4313 ἐπιτροπῆς
1017 4250 1192 4314 προχωρεῑῑί.
1216 4238 1251 4290 el.

137 4335 255 4391 ltudorll.
267 4336 454 4407 Vermundcelr.
465 4335 570 4389 tomll.
583 4336 673 4407 p.82,]
714 4337 769 4390 lloc
786 4345 874 4391 autem
893 4353 990 4391 nomen
1010 4340 1119 4390 sortitus
1140 4344 1181 4388 est
1199 4350 1252 4387 au·

652 4526 663 4559 t

91 4556 1303 4619 hm)
