2918 4914
249 570 513 652 Tungricocomm
534 566 613 645 2¹···⁴,
633 560 796 631 nobiscum
818 565 935 631 faciunt
957 566 1022 632 CC.
1052 569 1098 633 Οἳ.
1113 588 1205 653 supra
1224 589 1253 652 p.
1267 573 1356 637 Μ’.
1415 561 1417 592 ’

245 685 309 743 not.
325 679 362 743 ad
376 681 403 756 l.
416 680 467 741 95.
481 716 523 728 -
534 676 664 755 Doara,
678 696 718 742 ex
732 677 1015 759 Quinqueportuum
1038 654 1180 758 numer'o,
1202 679 1358 764 hodieque

246 791 402 873 antiquum
434 805 548 852 nomen
572 788 700 865 retinet;
729 792 776 850 est
804 787 885 850 enim
908 786 1184 853 celebratissimum
1213 790 1357 872 oppidum

247 918 316 964 cum
337 904 428 981 portu
441 897 550 961 Doocr
562 902 587 961 's.
599 896 709 959 Dooor
729 896 762 959 in
785 897 931 961 comitatu
946 897 1047 962 (lentii
1065 897 1172 979 (lieni,
1187 899 1354 984 Sbipwop·

244 1009 342 1074 Lotbe
353 1013 402 1090 l).
429 1008 475 1072 cl.
489 1009 524 1072 lt.
534 1009 607 1072 Ant.
618 1006 743 1088 pota,
759 1007 831 1072 Tab.
845 1008 926 1072 Peut.
940 1008 1015 1087 LA,
1039 1009 1163 1081 Ricard.
1177 1009 1281 1074 Corin.
1292 1013 1314 1076 l.
1324 1012 1355 1094 6,

245 1123 275 1184 5.
294 1119 470 1201 „Dubroe“.
505 1117 643 1183 camden
654 1136 684 1200 p.
697 1119 766 1182 181.
786 1118 944 1200 ,Saxones
973 1118 1076 1200 Dosro
1105 1120 1266 1202 dixerunt,
1297 1140 1357 1187 nos

244 1230 361 1294 noae.
406 1228 539 1293 luditum
569 1246 684 1292 nomen
712 1229 820 1292 scribit
850 1248 889 1293 ex
918 1229 1072 1294 Eadmero
1096 1231 1255 1312 Demitur,
1284 1233 1356 1315 (poia
1414 1227 1416 1233 ’

247 1341 369 1405 clausus
397 1345 428 1402 et
460 1337 624 1420 impertitus
654 1343 738 1401 erat.
760 1386 768 1400 .
792 1339 855 1403 .D.
876 1330 1067 1404 L'ambardus
1089 1346 1190 1405 tamen
1221 1343 1357 1407 nominis

245 1450 398 1512 rationem
422 1466 439 1511 a
462 1446 637 1527 Dasprrbo,
662 1447 744 1528 quod
757 1447 935 1512 Britannice
957 1448 1059 1513 locum
1081 1448 1231 1513 acclivem
1252 1453 1358 1535 signi-

245 1561 333 1637 iieat,
357 1556 549 1640 probabilius
573 1557 709 1621 deduxit.
756 1557 907 1639 Oppidum
932 1560 1014 1639 quod
1045 1560 1126 1623 inter
1149 1566 1254 1624 cautes
1277 1580 1358 1626 con-

245 1669 327 1735 sidet
350 1668 418 1747 (ubi
442 1674 549 1749 portus
572 1669 639 1749 ipse
661 1667 735 1731 olim
756 1668 822 1748 luit,
847 1686 939 1750 quum
958 1686 1043 1733 mare
1056 1687 1091 1735 se
1104 1669 1286 1751 insinuaret,
1310 1674 1357 1736 uti

245 1799 285 1845 ex
304 1778 451 1844 anchoris
475 1784 506 1841 et
527 1777 650 1841 navium
671 1778 783 1842 tabulis
804 1779 899 1843 erutis
912 1778 1084 1862 colligitur)
1107 1787 1215 1866 portus
1238 1800 1357 1864 oppor-

245 1890 384 1968 tunitate,
410 1905 490 1969 quae
512 1887 573 1950 ium
595 1886 663 1951 fere
685 1887 769 1951 nulla
793 1894 850 1967 est,
874 1893 905 1950 et
928 1888 960 1950 in
983 1887 1112 1952 Galliam
1134 1891 1265 1954 traiectu
1285 1911 1357 1956 ma-

245 2001 295 2083 gis
317 1997 502 2076 celebratur,
527 2015 616 2078 (pram
638 2015 694 2062 sua
713 1997 764 2062 vel
787 1997 941 2081 elegantia
963 1999 1013 2061 vel
1035 1998 1217 2081 frequent-ia.
1262 2002 1356 2066 Cele-

244 2110 398 2174 berrimus
422 2108 502 2172 enim
527 2114 574 2171 est
603 2108 766 2188 traiectus,
791 2114 972 2190 cautumque
996 2107 1069 2172 olim
1099 2109 1170 2193 lege
1205 2116 1289 2191 erat,
1320 2119 1356 2175 ut

246 2238 337 2286 nemo
359 2219 410 2302 qui
433 2218 596 2302 religionis
616 2220 716 2301 gratia
736 2238 869 2310 peregre
886 2220 1146 2300 proficisceretur,
1169 2220 1242 2284 alibi
1262 2223 1355 2286 traii-

245 2336 339 2395 ceret.
365 2336 457 2411 [quac
476 2328 527 2393 lex
549 2329 581 2391 in
601 2330 782 2393 memoriam
794 2336 922 2393 revocat
932 2330 1074 2412 Procopii
1087 2332 1168 2395 dab.
1183 2332 1285 2396 Gottb.
1300 2333 1352 2397 lv.

244 2442 295 2504 90.
314 2440 353 2503 de
384 2440 552 2502 animarum
580 2437 612 2499 in
639 2438 776 2501 Brittium
805 2439 1165 2505 nocturnistraiectibus
1193 2443 1355 2507 narratio-

243 2568 330 2612 nem:
356 2548 396 2611 cl.
408 2547 565 2611 claudian.
578 2548 611 2609 in
624 2548 721 2613 Rulin.
735 2548 757 2611 l.
766 2549 812 2624 ll·
824 2549 894 2613 193.
905 2568 973 2633 sqq.
984 2556 1014 2614 et
1026 2550 1097 2615 vide
1109 2552 1131 2614 l.
1144 2551 1267 2617 Grimm.
1281 2552 1356 2636 lly-

244 2660 353 2740 tbolop.
370 2659 419 2722 etl.
433 2659 456 2722 1.
470 2676 499 2740 p.
511 2657 584 2723 481.
594 2676 673 2740 sqq,
687 2658 723 2722 Η.
731 2657 850 2723 Miller.
862 2659 931 2723 Dos
942 2662 1029 2726 nord.
1040 2658 1230 2726 Griecbentb.
1240 2682 1268 2745 p.
1282 2665 1353 2730 1oo.

244 2787 305 2852 sep,
338 2767 564 2849 Wackernagel.
574 2767 642 2830 Dos
658 2767 857 2832 Todtenreicb
870 2771 903 2832 ta
919 2771 1060 2836 Britonn.
1079 2773 1113 2836 in
1136 2774 1259 2855 Hauptti
1279 2792 1352 2839 ann.

244 2881 300 2944 litt.
316 2878 524 2959 oerm.v1.p.
545 2877 687 2960 tonsa]
709 2879 774 2954 Qua
797 2879 954 2944 Oceanum
976 2882 1037 2946 iam
1060 2882 1167 2967 glarea
1189 2885 1354 2951 interiectu
1412 2965 1413 2976 ἵ

244 2976 402 3054 exclusum
426 2993 561 3070 spectat,
591 2989 753 3054 moenibus
783 2992 991 3073 praecinctum
1018 2993 1095 3073 luit,
1126 3012 1255 3076 quorum
1279 3014 1353 3079 pars
1412 2990 1414 3004 ⁸

245 3099 347 3182 aliqua
369 3105 575 3180 superest...
605 3100 631 3164 E
655 3099 754 3179 colle,
776 3119 831 3164 seu
850 3103 951 3183 potius
974 3120 1065 3185 rupe,
1088 3121 1167 3185 quae
1190 3125 1208 3168 a
1231 3106 1351 3188 dextra,

245 3210 328 3274 omni
353 3209 418 3274 lere
447 3227 487 3271 ex
516 3214 603 3289 parte
633 3209 822 3292 confragosa
852 3211 884 3273 in
917 3211 1127 3276 admirandam
1159 3213 1352 3281 altitudinem

244 3319 377 3402 exurgit,
402 3317 560 3382 castellum
582 3317 800 3399 amplissimum
821 3320 920 3383 instar
934 3320 1111 3402 urbeculae,
1134 3340 1228 3405 opere
1248 3326 1353 3388 muni·
1411 3402 1412 3416 χ

243 3414 404 3508 tissimum,
429 3434 459 3492 et
479 3427 614 3492 turribus
636 3428 917 3510 frequentissimum
938 3431 1078 3494 subiecto
1097 3433 1177 3496 ireto
1199 3434 1354 3514 quodam-
1410 3436 1412 3510 g

244 3539 338 3604 modo
358 3540 509 3616 minatur;
531 3538 648 3601 clavem
668 3543 698 3600 et
714 3540 893 3620 repagulam
911 3538 1043 3621 Aapttoc
1062 3548 1156 3606 vocat
1174 3543 1353 3608 blatth.Pa-

243 3649 396 3714 risiensis.
441 3647 557 3731 Vulgus
585 3649 741 3713 bominum
766 3669 784 3712 a
806 3649 882 3713 lulio
903 3650 1037 3715 Caesare
1059 3657 1266 3716 constructum
1294 3671 1353 3718 so-

245 3759 350 3823 mniat.
393 3759 592 3824 Aliomanis
613 3760 712 3842 primo
736 3759 892 3824 conditum
916 3780 955 3824 ex
974 3760 1120 3827 lateribus
1143 3763 1203 3826 illis
1226 3762 1353 3828 Briton-
1411 3776 1412 3779 ’

245 3869 325 3933 nicis
354 3868 387 3931 in
416 3868 549 3948 sacello,
580 3869 689 3951 qrribus
717 3869 766 3933 usi
795 3875 866 3933 sunt
894 3871 925 3933 in
957 3870 1022 3935 suis
1056 3873 1351 3956 substructionibus,

245 3979 388 4043 arbitror.
433 3978 655 4062 Praecipitante
676 3979 708 4042 in
729 3998 874 4045 occasum
887 3981 1025 4046 Romano
1040 3983 1168 4065 imperio
1183 3984 1350 4050 Numerum
1411 4011 1413 4091 ᾖ

318 4235 348 4305 *J
368 4235 460 4300 balbe,
480 4235 593 4289 laeatum
615 4250 636 4288 a.
657 4235 767 4303 lautum,
788 4235 920 4290 Saronico
937 4236 991 4292 lcu‘
1005 4252 1027 4291 a.
1046 4235 1112 4303 aar,
1131 4237 1218 4305 portio
1237 4239 1353 4291 comita.
1410 4225 1412 4264 ³

247 4339 288 4384 tua
310 4330 402 4385 molor.

191 4523 1364 4570 ἘΜ
