2918 4914
201 398 291 473 636*
309 423 381 471 aaa.
391 423 432 471 nn
446 423 519 470 nor.
530 423 600 469 oco.
620 422 751 472 sarano.
761 425 802 471 aa
812 424 898 471 orer.
912 402 968 472 19.
979 405 1039 473 23.
1049 396 1247 477 ateana.

123 646 129 673 ι
200 643 228 687 et
245 636 397 705 Aegyptos:
423 637 517 688 sedet
538 604 664 688 interiora
682 644 809 689 terrarum
828 638 950 705 Antiquis
970 638 1017 688 vix
1040 645 1117 702 nota,
1137 636 1297 703 Aethiopiae

201 707 382 773 appellatione
398 706 537 777 designata
557 711 734 759 continentur.
771 709 845 759 llaud
866 718 915 760 tani
935 709 987 760 late
1006 717 1079 776 patet
1092 708 1175 761 altera
1190 710 1298 775 Africus

200 780 330 845 acceptio,
350 780 423 831 iaxta
442 795 520 847 qaam
541 794 592 829 non
613 779 690 831 modo
710 778 853 846 Aethiopia
871 782 903 832 ab
922 780 1013 832 Airica
1032 782 1189 843 decernitur,
1207 778 1298 831 sedet
1342 820 1343 825 ,

199 849 266 902 haec
285 850 446 917 peculiarem
465 851 620 913 dioecesim,
639 860 667 901 ut
685 854 767 917 aiant,
788 854 932 913 constituit,
952 852 1118 919 abAegypto
1137 852 1297 914 distinctam,

200 929 227 973 et
248 922 280 973 ab
301 920 416 985 Oceano,
438 922 542 973 scilicet
560 922 694 975 Atlantico
714 924 746 974 ad
764 925 883 975 intimum
903 923 1009 974 maioris
1024 924 1108 989 Syrtis
1127 924 1213 974 sinum
1236 937 1297 989 pro-

199 992 330 1045 tenditur:
352 1010 420 1062 qaac
441 995 592 1061 provincias
606 995 795 1058 Mauritaniam,
815 994 971 1058 Numidiam,
990 994 1179 1062 Tripolitanum
1190 1002 1217 1047 ct
1227 993 1308 1046 Zea··

198 1067 315 1133 pitanam
335 1068 462 1116 continet.
500 1066 571 1117 llaec
591 1074 677 1118 autem
702 1067 792 1118 ultima
816 1069 954 1134 provincia
972 1065 1168 1133 proconsularis
1188 1067 1299 1132 Africus

100 1126 105 1141 '
198 1138 306 1187 nomine
325 1138 431 1204 proprie
451 1135 571 1201 donatur,
593 1153 661 1205 quae
680 1141 822 1199 tertiaeet,
845 1153 928 1207 eaque
941 1139 1107 1189 strictissima
1126 1136 1204 1189 haias
1224 1138 1298 1189 vocis

200 1209 332 1274 acceptio.
370 1208 461 1260 Airica
480 1209 624 1260 secundum
644 1209 755 1260 mediam
775 1209 847 1260 illam
867 1212 1049 1275 acceptionem
1068 1209 1100 1261 ab
1113 1208 1260 1261 Occidente
1274 1215 1299 1260 et

199 1281 387 1346 Septentrioac
410 1278 528 1331 littorum
551 1280 660 1348 obliquo
682 1282 766 1347 spatio
786 1283 850 1332 mari
869 1281 992 1345 alluitur,
1014 1289 1141 1351 patetque
1159 1282 1186 1331 in
1208 1279 1298 1349 longi-

200 1351 317 1402 tudinem
334 1351 401 1403 latas
422 1353 479 1403 eius
499 1351 670 1404 Occidentale
688 1352 720 1402 alr
739 1350 847 1406 Atlante
864 1353 896 1404 ad
910 1352 990 1403 Cotes
1007 1351 1215 1403 Promontoriam
1226 1354 1299 1403 iuxta

200 1423 298 1474 fretum
309 1422 357 1473 ott
378 1436 509 1489 passuum.
548 1423 610 1475 lnde
623 1440 639 1474 a
653 1431 727 1490 parte
740 1423 947 1490 septentrionali
967 1423 1000 1474 ab
1012 1424 1135 1475 llercnlei
1149 1424 1210 1475 ireti
1223 1426 1298 1474 ostiis

162 1540 171 1553 ,
200 1492 233 1545 ad
251 1494 373 1545 llercorii
387 1494 594 1545 Promontorium
615 1496 758 1546 secundum
772 1495 883 1546 Plinium
902 1503 963 1546 sant
981 1495 1064 1547 millia
1086 1511 1209 1562 passuum
1218 1492 1297 1559 NlCX,

200 1564 344 1616 secundum
364 1565 492 1617 Antonini
511 1565 674 1618 itinerarium
692 1564 904 1618 ltccccxxxt:
924 1568 964 1617 sin
983 1574 1071 1618 autem
1089 1566 1155 1630 soli,
1178 1566 1230 1617 hoc
1250 1573 1298 1627 est,

200 1638 303 1688 sinuum
323 1644 351 1689 et
368 1638 540 1688 smiractuum
566 1638 662 1689 littoris
688 1640 754 1689 ratio
779 1652 831 1688 non
856 1636 996 1701 habeatar3
1024 1638 1071 1689 sed
1094 1645 1194 1689 tantam
1219 1637 1297 1699 coeli,

202 1706 328 1774 licceat,
356 1710 378 1760 si
400 1710 470 1760 linea
491 1717 564 1761 recta
583 1709 708 1771 ducatur,
728 1726 744 1760 a
765 1708 875 1760 Cotibas
894 1709 927 1760 ad
945 1711 1065 1761 llercarii
1089 1694 1298 1761 Promoat'driam

200 1779 529 1848 milliapassamllllllll.
566 1781 732 1832 Arllercarii
755 1780 937 1832 Promontorin
963 1781 995 1832 ad
1019 1782 1103 1847 Syrtis
1156 1783 1161 1793 '
1200 1782 1236 1831 ris
1256 1782 1298 1831 in-

87 1902 99 1911 ,
201 1858 303 1903 ternum
323 1851 391 1904 latas
412 1853 560 1918 expositam
574 1852 686 1917 Orienti,
707 1852 826 1918 Polybio,
849 1852 933 1903 Plinio
954 1860 981 1903 at
1000 1854 1134 1903 Antonino
1186 1858 1216 1903 nt
1234 1848 1299 1904 000

200 1923 285 1976 millia
305 1937 436 1990 passuum.
467 1940 481 1975 a
506 1939 558 1991 quo
584 1939 637 1975 nou
665 1924 774 1975 maltam
802 1923 898 1975 distant
920 1932 1026 1977 nostrae
1051 1926 1175 1976 rationes.
1213 1923 1298 1995 Regio

200 2010 268 2062 qaae
289 1996 359 2047 inter
376 1995 441 2047 duas
460 1996 550 2061 Syrtes
575 1997 716 2048 interiacet
736 2011 814 2046 versa
839 1995 865 2045 in
885 1996 1112 2062 Septentrionem,
1131 1994 1217 2046 Plinio
1236 1992 1298 2046 CCL

199 2066 284 2118 millia
296 2083 428 2134 passuum,
438 2070 573 2121 Antonino
586 2067 741 2119 GCGLNAA
753 2068 826 2118 mille
838 2083 971 2133 passuum,
989 2067 1134 2119 secandam
1154 2080 1203 2119 uos
1214 2062 1298 2117 GCGL

200 2137 275 2191 mille
295 2154 426 2205 passuum.
464 2140 548 2206 Syrtis
568 2142 660 2205 nlaior,
679 2142 701 2191 si
721 2139 806 2190 Plinio
826 2138 899 2203 tides,
921 2140 1045 2191 circuitus
1060 2136 1226 2191 earncxxv
1237 2137 1298 2189 mil-

200 2206 238 2261 lia
258 2226 398 2278 passuum,
418 2210 503 2263 aditus
528 2218 616 2262 uatem
637 2209 759 2272 CCGNV,
783 2212 909 2263 circuitus
929 2209 1046 2262 ccccl„
1084 2208 1232 2263 Secundam
1251 2223 1298 2260 nos

201 2279 287 2333 aditae
307 2297 359 2333 aon
384 2282 539 2351 plusquam
560 2282 623 2333 CCL
642 2282 726 2335 millia
750 2297 881 2347 passuum.
918 2285 942 2333 A
961 2283 1142 2333 Promontorio
1168 2282 1200 2333 ad
1225 2282 1297 2333 alnas

202 2353 293 2405 intima
312 2353 378 2407 CCX
396 2354 481 2405 millia
502 2369 634 2421 passuum.
673 2353 710 2405 lta
730 2361 791 2403 sunt
811 2357 879 2405 Arae
898 2352 1067 2405 l‘hilcnorum
1093 2355 1136 2422 qui
1166 2360 1297 2405 extremus

202 2432 243 2476 est
259 2425 367 2476 Africae
385 2422 471 2477 limes.
509 2426 548 2476 Ali
568 2426 664 2475 Austro
682 2424 772 2476 Africa
796 2424 927 2476 montibus
950 2433 976 2475 et
996 2427 1114 2477 interiori
1134 2423 1239 2476 adiacet
1254 2424 1297 2479 Li-

200 2494 278 2562 byae,
300 2513 331 2548 ac
353 2494 413 2562 plus
431 2496 475 2549 vel
494 2498 580 2547 minas
597 2495 651 2548 late
670 2502 750 2562 patet,
770 2511 821 2563 qno
841 2499 926 2564 magia
945 2496 988 2548 rel
1007 2498 1092 2547 ruinas
1108 2500 1135 2548 in
1156 2510 1228 2549 mare
1243 2504 1298 2548 ter-

201 2582 248 2619 rae
266 2568 424 2633 prominent.
463 2569 535 2619 llaec
554 2570 641 2619 ornain
661 2570 687 2618 in
709 2567 807 2618 Tabala
826 2557 1010 2637 Geograppica
1028 2566 1119 2620 videre
1143 2574 1191 2619 est.

302 2640 412 2704 Africae
432 2640 532 2691 diuisis.
553 2669 587 2679 -
610 2638 744 2691 Dividitur
765 2646 852 2690 autem
873 2640 961 2691 Africa
986 2654 1001 2689 a
1021 2640 1106 2692 Plinio
1126 2638 1152 2689 in
1173 2640 1298 2691 llaarits-

201 2711 259 2761 aias
277 2708 343 2761 daas
358 2708 547 2781 (Tingitanum,
565 2717 592 2763 et
602 2709 827 2780 Caesariensem),
846 2710 991 2764 Numidiam
1007 2718 1033 2763 ot
1044 2711 1217 2780 zeugitanam
1232 2726 1298 2779 qaae
1341 2696 1343 2745 l

201 2781 293 2834 Africa
312 2782 418 2849 proprie
439 2782 536 2833 dicitur
554 2798 585 2834 ac
604 2783 630 2832 in
651 2782 715 2833 duas
733 2782 914 2847 distribuitur,
933 2798 1041 2851 quarum
1061 2800 1112 2835 aaa
1134 2781 1230 2833 dicitur
1244 2782 1298 2848 By-

202 2868 317 2919 sacena,
339 2852 423 2905 altera
442 2852 612 2921 Tripolitana.
651 2852 680 2905 ln
698 2856 784 2905 veteri
803 2853 901 2905 Notitia
920 2855 1027 2907 Africae
1046 2854 1193 2906 Constantii
1213 2857 1299 2921 impe-

134 2920 137 2937 '
204 2923 309 3009 ratorip‚
331 2932 360 2974 ut
379 2924 478 2989 ierunt,
498 2925 659 2992 temporibus
679 2927 757 2989 lacta,
778 2927 818 2975 sic
839 2926 996 2977 describitur
1016 2933 1042 2977 et
1059 2927 1184 2979 dividitur·
1193 2926 1298 2978 Africa:

134 3008 137 3061 ξ
200 3005 349 3120 carycbntcbm
373 2995 410 3047 od
427 2996 518 3048 Austri
536 3006 634 3119 tepiram
652 2999 768 3048 insanies
790 3006 892 3121 ιειναιῗἰ
905 2998 1103 3061 Mauritaniam,
1123 3000 1195 3121 cnipp
1215 2996 1299 3048 Aemi-

134 3068 138 3109 ἕ
201 3084 248 3119 raes
283 3068 376 3119 acori
433 3078 523 3120 antam
547 3086 563 3118 a
601 3072 681 3120 sitam
704 3078 844 3123 ct'mores.
894 3071 994 3120 omanis
1019 3078 1105 3122 tamen
1132 3088 1161 3121 sa
1196 3070 1225 3121 iti
1228 3105 1298 3123 .....

202 3138 308 3193 Exinde
322 3148 378 3209 post
400 3086 590 3192 Noumenion
610 3141 733 3192 Numidia
748 3143 894 3209 pruvincia.
904 3183 908 3190 .
918 3179 941 3192 ..
969 3140 1091 3192 Proxima
1112 3141 1172 3193 huic
1188 3143 1299 3211 proniss-

202 3214 261 3264 cios
280 3212 390 3281 Africae
414 3214 487 3281 sepio
514 3214 543 3263 in
564 3213 680 3263 omnibus
702 3213 772 3263 diaes
797 3214 921 3264 occurrit.
957 3214 1033 3280 Apud
1061 3212 1240 3265 Ptolomaeum
1270 3227 1300 3263 ac

201 3284 374 3351 Pomponiam
395 3282 490 3335 llelam
510 3284 600 3336 Africa
618 3297 724 3352 quoquc
743 3283 869 3335 dividitur
886 3286 913 3336 in
925 3291 977 3336 tres
997 3291 1096 3336 tantam
1109 3292 1206 3352 partes,
1225 3284 1299 3337 Alau-

201 3358 338 3418 ritaniam,
357 3356 505 3408 Numidiam
527 3362 554 3408 et
571 3354 688 3408 Africam
710 3357 801 3409 stricte
825 3364 967 3423 sumptam,
985 3357 1034 3407 aab
1054 3373 1105 3424 qua
1123 3356 1300 3424 comprehcn-

202 3426 298 3480 duntur
315 3428 455 3495 Byzacena
476 3436 503 3479 et
520 3426 689 3492 Tripolitana.

301 3500 373 3551 llaec
396 3514 503 3567 quoquo
530 3499 580 3551 iait
603 3500 786 3566 antiquissima
808 3498 946 3552 Ecclesiae
967 3501 1109 3552 Africanae
1134 3500 1248 3559 divisio,
1274 3504 1302 3548 ιιι

202 3574 278 3623 testis
304 3579 344 3623 est
368 3574 438 3622 omni
461 3573 619 3638 exceptione
638 3572 722 3621 maior
738 3570 770 3624 lt.
784 3570 931 3638 Cyprianus
953 3573 979 3622 in
1006 3573 1118 3639 epistola
1139 3571 1200 3622 edit.
1216 3570 1299 3621 tlxon.

202 3642 259 3705 48,
278 3642 311 3693 ad
333 3642 501 3707 Cornelium,
527 3644 570 3694 abi
598 3643 696 3694 limitas
719 3648 746 3694 et
771 3651 858 3710 partes
877 3643 1019 3695 Africanae
1037 3643 1176 3695 Ecclesiae
1194 3644 1234 3694 sic
1253 3641 1300 3693 ‹lc-

202 3714 310 3766 scribits
329 3714 512 3781 sedquoniam
532 3716 609 3767 lotias
627 3718 688 3783 suso
706 3723 742 3766 sst
760 3723 851 3766 nostra
866 3716 1019 3783 procincs'o:
1039 3714 1115 3767 liniet
1132 3716 1200 3764 enim
1210 3715 1301 3766 Nausi-

203 3785 273 3837 dimn
297 3793 321 3836 et
344 3785 522 3837 Mauritaniae
548 3789 612 3839 duos
632 3787 808 3838 cohaerentes.
853 3785 882 3838 ln
908 3802 981 3839 conc.
1004 3786 1093 3839 Carth.
1110 3785 1143 3837 dc
1160 3787 1302 3837 iteratione

202 3857 325 3924 baptismi
344 3857 393 3907 sab
421 3858 514 3909 codem
533 3858 665 3925 Cypriano
685 3858 790 3921 habito,
810 3876 867 3909 cum
885 3860 914 3908 in
931 3875 1011 3910 unum
1031 3858 1187 3925 Carthagini
1206 3875 1302 3909 coace-

202 3929 301 3981 us'sseat
324 3928 450 3997 Episcopi
475 3928 639 3998 plurimi'cx
660 3932 798 3997 provincio
821 3931 930 3997 Africa,
960 3931 1096 3995 ll'uras'dia,
1122 3929 1302 3982 Mauritania:

222 4000 299 4052 uibus
321 4007 424 4050 constat
450 4003 500 4051 iam
527 4007 579 4051 tam
599 4000 734 4053 Ecclesiae
761 4004 867 4052 istarum
890 4004 1083 4068 provinciaram
1108 4016 1188 4052 unum
1208 4014 1303 4068 corpus

202 4016 382 4124 Aoclesiarum
408 4074 578 4123 constituisse
600 4079 625 4121 ct
650 4074 676 4123 in
697 4074 809 4141 quatuor·
829 4075 979 4138 provincias
997 4073 1200 4126 Ecclesiasticus
1219 4074 1303 4125 fuisso

203 4149 258 4195 tom
276 4144 383 4195 diuisas.

305 4213 375 4265 Nilril
396 4221 441 4265 aut
460 4229 550 4281 parurn
570 4215 675 4267 videtur
686 4214 852 4267 Constantini
871 4218 1035 4284 imperatoris
1055 4216 1218 4282 temporibus
1229 4217 1257 4267 in
1274 4232 1305 4268 ea

204 4285 335 4337 divisione
352 4286 460 4338 Africae
479 4288 657 4352 irnmutatam3
678 4304 737 4339 nam
760 4291 782 4339 is
803 4290 829 4338 in
852 4289 965 4356 epistola
983 4290 1014 4341 ad
1037 4289 1217 4340 Caecilianum
1238 4287 1304 4339 Car-

203 4357 403 4427 thaginensem,
428 4374 497 4426 quac
525 4359 639 4411 reiectat
661 4359 694 4411 ab
713 4359 830 4413 Eusebio
848 4359 866 4411 l.
880 4364 911 4414 x.
925 4362 990 4413 illst.
1004 4360 1078 4413 Eccl.
1094 4378 1117 4413 c.
1130 4362 1165 4424 a,
1191 4367 1306 4429 quatuor
