2918 4914
179 370 186 467 l
247 370 1346 446 1058*innonmaoancc.cmnmanosnvnasanaremus.

242 595 367 666 gentibus
387 601 530 663 sequentes
548 595 692 646 Romanam
714 594 870 646 felicitatem
888 610 918 647 se
937 594 970 647 sd
989 603 1105 647 nostrum
1120 598 1260 664 imperium
1281 611 1348 649 con-

243 692 371 758 tulerunt,
391 693 486 761 quibus
507 699 593 744 terrae
615 692 717 744 laeticae
731 692 951 744 administrandae
971 700 1041 757 sunt,
1061 692 1150 744 nullus
1164 710 1198 745 ex
1216 693 1258 745 bis
1277 696 1348 764 agris

242 789 343 858 aliquid
361 791 413 841 nisi
434 806 467 841 ex
486 795 575 840 nostra
594 792 767 841 annotatione
787 796 926 842 mereatur.
966 797 992 840 et
1011 792 1135 858 quoniam
1152 790 1283 859 aliquanti
1303 798 1348 843 aut

242 886 354 954 amplius
373 903 450 955 quam
468 893 630 952 meruerant,
648 894 811 954 occuparunt
831 894 876 938 aut
894 886 1011 939 colludio
1025 887 1212 955 Principalium
1232 889 1277 941 vel
1291 888 1345 940 De-

242 983 377 1036 fensorum
400 985 444 1036 vel
463 984 634 1051 subrepticiis
652 985 788 1052 rescriptis
807 986 933 1036 maiorem
951 1000 1026 1052 quam
1047 987 1114 1037 ratio
1134 985 1272 1052 poscebat,
1289 993 1347 1038 ter·
1392 1042 1396 1087 ι

240 1097 328 1134 rarum
353 1081 458 1133 modum
479 1089 540 1132 sunt
562 1084 716 1145 consecuti,
738 1083 872 1148 inspector
891 1082 1002 1133 idoneus
1021 1082 1158 1152 dirigatur,
1179 1084 1224 1151 qui
1246 1099 1278 1134 ea
1301 1099 1346 1135 re·
1393 1090 1395 1095 ⁴

242 1186 323 1231 vocet
347 1195 415 1247 quae
439 1186 484 1229 aut
509 1178 579 1229 male
598 1186 659 1229 sunt
679 1178 774 1230 tradita
795 1186 840 1228 aut
860 1178 979 1245 improbe
998 1179 1030 1229 ab
1053 1177 1186 1247 aliquibus
1206 1187 1345 1246 occupata.
1392 1216 1395 1225 -

241 1290 302 1328 aar.
312 1291 373 1328 non.
384 1291 473 1327 arara.
488 1290 802 1327 useroanno.rnsonoao
821 1291 846 1324 v.
857 1291 879 1327 e.
895 1290 948 1326 cos.
959 1279 996 1346 [a.
1006 1291 1032 1342 p.
1040 1274 1101 1327 Cbr.
1111 1276 1184 1345 399.]

326 1373 365 1434 X.
390 1374 422 1435 L.
437 1373 484 1434 19.
500 1391 545 1453 pr.
557 1373 610 1434 Tb.
627 1373 659 1434 C.
680 1373 719 1434 de
742 1372 896 1434 veteranis
920 1373 983 1433 Vll.
1001 1372 1064 1450 90,
1089 1372 1202 1435 ibidem
1226 1371 1289 1436 dat.
1308 1374 1345 1437 lll

240 1481 399 1546 ltalFebr.
409 1482 599 1562 insequentis
624 1482 714 1544 anni:

279 1608 355 1644 arnan
376 1608 423 1644 ar.
439 1608 571 1645 srrarconr
591 1608 723 1645 aaursrao
745 1609 892 1653 vrarvsqrs
912 1607 1042 1645 urarrras.
1080 1590 1204 1661 Plerique
1223 1595 1346 1645 testimo-

240 1689 355 1742 nialibus
376 1688 469 1741 lraude
490 1691 618 1758 quaesitis
644 1690 709 1740 srunt
734 1691 854 1741 veterani
880 1692 924 1757 qui
952 1689 1050 1740 milites
1072 1703 1124 1739 non
1152 1689 1268 1754 tuerint,
1294 1705 1346 1741 non

240 1787 308 1840 nulli
328 1788 397 1838 inter
418 1787 526 1838 exordia
552 1786 664 1839 militiae
691 1790 718 1839 in
742 1790 800 1854 ipso
821 1788 915 1839 aetatis
936 1786 999 1837 llore
1027 1786 1173 1837 discedunt.
1218 1786 1346 1856 Quisquis
1391 1790 1394 1803 '

239 1885 322 1955 igitur
341 1883 468 1949 Laetns⁵⁰,
487 1884 649 1935 Alamannus
661 1888 693 1948 ⁵¹,
712 1884 843 1949 Sarmata,
862 1899 947 1953 vagus
959 1888 979 1918 ⁶²
1002 1882 1044 1934 vel
1066 1882 1136 1934 lilius
1160 1885 1281 1934 veterani
1304 1892 1349 1935 aut

240 2039 544 2053 ——nn

335 2127 369 2188 ³⁰)
387 2121 453 2173 Edd.
464 2122 555 2187 luetur,
573 2120 692 2173 Gotbolr,
703 2121 806 2172 emend.
819 2120 912 2183 batus,
933 2121 1002 2190 quod
1023 2119 1151 2172 nonnulli
1165 2136 1225 2171 mss.
1240 2120 1346 2173 babent.

242 2224 277 2293 ⁶¹)
298 2222 381 2272 luctus
399 2219 573 2282 Alamannus,
595 2219 653 2269 sinc
674 2220 805 2269 incisione
828 2217 953 2268 exhibent
971 2216 1053 2268 Beclr.
1064 2224 1090 2268 et
1101 2217 1219 2279 llaenel.,
1239 2224 1348 2285 atquea

241 2317 362 2371 Gotbofr.
375 2316 406 2366 ad
425 2314 479 2366 b.l.
490 2317 560 2366 inter
579 2321 631 2365 tres
652 2329 742 2365 eorum
764 2315 868 2380 species
888 2315 933 2380 qui
956 2313 1105 2365 delectibus
1124 2314 1272 2365 militiaeve
1292 2316 1347 2365 ori.

243 2414 314 2482 ginis
333 2415 392 2464 iure
413 2412 533 2462 obstricti
554 2417 653 2473 essent,
673 2410 737 2461 Laeti
755 2409 894 2462 Alamanni
914 2416 941 2460 et
953 2410 1087 2461 Sarmatae
1105 2411 1167 2479 vagi
1187 2426 1348 2462 enumeran-

243 2517 295 2572 tur,
313 2509 384 2576 quod
403 2509 523 2574 quamvis
541 2523 556 2557 a
575 2506 768 2558 recentioribus
787 2520 892 2574 quoque
905 2505 1060 2573 quibusdam
1072 2506 1237 2572 comprobari
1254 2509 1344 2568 sciam,

241 2614 331 2657 tamen
350 2620 366 2654 a
386 2619 450 2654 vcro
470 2604 668 2654 constitutionis
688 2618 768 2654 sensu
785 2603 908 2665 aberrare
928 2616 1042 2653 censeo:
1067 2609 1120 2654 tres
1140 2601 1276 2653 hominum
1295 2606 1346 2655 mi·

242 2702 318 2754 litiae
339 2699 513 2751 obnoxiorum
537 2700 653 2764 species,
675 2698 747 2763 Lati,
767 2698 916 2762 Alamanni,
936 2699 1084 2762 Sarmatae,
1105 2705 1183 2766 atque
1204 2705 1258 2749 tres
1277 2700 1347 2752 modi

242 2795 338 2862 quibua
358 2793 470 2843 militiae
489 2809 518 2842 sc
537 2791 732 2855 subtraherent,
751 2795 858 2862 vagatio
873 2791 1346 2867 [cl.L.10.Th.C.dcdesertoribllll.

245 2892 310 2959 18.],
330 2891 424 2957 siquis
443 2889 513 2940 filius
531 2891 652 2940 veterani
674 2889 773 2959 [etth.
785 2888 926 2943 cultae.
938 2892 1048 2959 passim]
1068 2890 1112 2941 vel
1131 2892 1152 2943 si
1175 2893 1347 2945 testimoniali

242 2989 383 3053 impetrato
405 2986 453 3055 [cl.
462 2983 609 3036 'lb.C.Vll.
621 2985 663 3035 21.
676 2987 784 3055 passim]
808 2991 878 3035 tutus
898 3001 912 3035 a
932 2985 1026 3036 militia
1046 2985 1189 3050 diceretur,
1208 2988 1241 3037 ab
1261 2990 1348 3055 impc-

242 3084 373 3137 ratoribus
393 3088 574 3134 recensentur.
612 3084 651 3134 lta
670 3081 739 3133 idern
760 3082 878 3133 Gothelr.
892 3084 999 3146 erravit,
1018 3098 1077 3134 cum
1097 3084 1129 3134 ad
1149 3083 1176 3134 L.
1186 3085 1211 3135 9.
1220 3083 1303 3136 lbi).
1316 3086 1349 3138 de

243 3182 551 3243 censitoribaunotaret,
563 3180 650 3248 legem
664 3180 704 3230 12.
716 3178 762 3230 th.
772 3179 801 3231 G.
812 3180 844 3231 de
855 3193 927 3245 erog.
936 3179 1013 3232 milit.
1024 3179 1348 3234 annon.v11.t.sriticoni

242 3281 395 3345 inscriptam
407 3285 433 3328 et
446 3280 471 3327 in
484 3294 514 3329 ea
525 3278 655 3328 Laetorum
666 3276 872 3328 Alamannorum
883 3277 979 3328 diserte
990 3279 1152 3329 mentionem
1163 3277 1259 3330 laetam
1271 3295 1347 3332 esse:

243 3375 329 3427 voluit
349 3390 400 3425 non
420 3375 448 3425 L.
461 3376 501 3426 12.
515 3377 559 3426 cit.
575 3391 625 3426 nec
644 3373 736 3440 procul
756 3373 836 3424 dubio
856 3374 884 3424 L.
897 3375 937 3425 18.
951 3373 1014 3424 ibid.
1029 3374 1150 3426 Stiliconi
1171 3374 1285 3443 aliisque
1305 3378 1348 3427 in.

242 3477 376 3542 scriptam,
396 3474 442 3525 sed
458 3475 486 3525 L.
497 3473 592 3526 mlh.
602 3472 631 3524 C.
644 3473 676 3523 de
689 3472 908 3524 desertoribllll.
921 3472 971 3535 18,
992 3472 1037 3523 ubi
1057 3474 1114 3538 ipse
1128 3471 1160 3523 ad
1179 3487 1311 3541 vasaque
1325 3482 1349 3524 et

242 3588 285 3623 cos
305 3587 367 3638 quos
391 3570 500 3621 militiae
526 3571 599 3638 oripo
625 3571 761 3637 consignat
785 3568 925 3635 adscripsit
944 3568 1041 3632 „Laetos
1060 3568 1237 3632 Alamannos,
1263 3569 1349 3620 bretos
1398 3582 1401 3635 Ι

244 3669 401 3722 Sarmatastt.
439 3666 525 3718 Aliter
552 3667 620 3718 banc
646 3667 862 3718 constitutionem
890 3664 1017 3731 explicari
1043 3664 1128 3715 voluit
1150 3664 1253 3732 Zumpt.
1266 3681 1291 3732 p.
1303 3666 1346 3718 ssi.

243 3780 330 3831 neque
357 3778 421 3814 vero
444 3764 509 3814 baec
534 3763 592 3828 len,
613 3780 700 3831 neque
729 3762 800 3813 ullus
824 3761 892 3813 alius
918 3778 995 3830 quem
1019 3764 1098 3812 sciam
1124 3760 1199 3812 locus
1217 3761 1347 3813 laetorum

242 3860 447 3912 Alamannorum
467 3861 493 3909 in
514 3861 658 3926 provinciis
668 3860 742 3910 llom.
755 3861 955 3913 consistentium
975 3858 1072 3911 diserte
1091 3859 1252 3910 mentionem
1273 3860 1348 3923 lecit,

243 3956 291 4008 sed
310 3954 479 4006 auxiliarium
504 3964 619 4021 tantum;
645 3956 728 4007 laetos
755 3963 842 4007 autem
862 3956 992 4008 Sarmatas
1011 3956 1118 4006 omnino
1139 3969 1192 4005 non
1212 3955 1347 4006 exstitisse

245 4051 409 4118 exploratum
431 4051 526 4104 babeo.
564 4054 705 4105 Reincsius
725 4070 757 4104 ex
779 4069 804 4104 v.
820 4053 902 4105 tuctus
921 4053 1011 4104 lacere
1031 4051 1115 4102 voluit
1135 4051 1240 4119 Lupias.
1279 4051 1347 4121 Lupi

244 4164 310 4218 gens
328 4149 484 4201 suevorum.
512 4149 621 4200 llaenel.
632 4150 718 4201 dedit:
731 4189 753 4214 „.
762 4189 768 4200 .
778 4151 860 4201 luctus
872 4149 1045 4212 Alamannus,
1064 4150 1197 4212 Sarmata,
1214 4149 1347 4217 capesset

240 4244 310 4312 filius
328 4247 454 4306 aeternat,
472 4254 562 4296 unt..“
665 4253 697 4315 ⁵²)
717 4247 885 4297 Adiectivnm
905 4261 1000 4296 nomen
1012 4262 1093 4313 supas
1112 4245 1144 4296 ad
1164 4246 1214 4296 tria
1232 4261 1347 4312 praece-

245 4341 332 4394 dentia
354 4344 457 4395 nomine
477 4344 576 4410 pariter
590 4346 722 4410 pertinere
742 4361 774 4394 ex
790 4345 927 4411 superiore
946 4350 1035 4395 annot.
1047 4350 1153 4410 apparet
1163 4362 1170 4407 ;
1180 4345 1280 4411 *itaque
1294 4345 1347 4395 mi·
