2918 4914
208 378 300 455 982*
312 401 431 455 annor.
442 400 646 451 acuonoco.
657 399 1039 451 cnr.xn.rannncs1nvnan
1047 400 1120 451 uno.
1130 402 1304 459 auarus.

208 601 364 683 expositas
392 600 575 665 collocatum
598 606 666 680 est,
700 617 763 664 non
794 600 963 680 intellexit,
993 602 1051 665 sed
1085 602 1227 666 ordinem
1248 603 1305 667 hoc

206 713 272 793 ipso
296 713 395 793 capite
417 717 662 776 enumeraturum
683 730 797 791 rerum,
819 712 858 777 de
879 729 939 793 quo
959 713 1060 794 paullo
1084 720 1155 796 post
1176 714 1302 779 dicetur.

204 823 251 887 De
273 822 327 887 illo
351 829 437 887 recte
457 823 580 904 quidem
602 828 688 904 ,post
709 822 859 887 Comitum
881 829 913 887 et
926 822 1045 887 Ducum
1065 823 1303 889 limitaneorum

207 934 329 1017 copias“
358 934 456 1016 inquit
478 934 610 1015 ,Notitia
633 934 780 1015 quasdam
797 934 919 1015 ltaliae,
952 933 1118 999 Galliarum
1140 941 1172 999 et
1193 936 1304 1017 Hispa-

203 1043 275 1107 niae
296 1045 525 1126 praeposituras
548 1045 599 1107 bic
619 1045 791 1108 summatim
814 1045 954 1130 colligit,
976 1045 1087 1128 quibus
1114 1063 1174 1110 nec
1199 1045 1303 1111 Comi·

205 1160 252 1218 tes
273 1155 379 1219 ltaliae
409 1161 460 1218 aut
480 1154 713 1236 Hispaniarum,
736 1154 792 1219 sed
815 1154 920 1234 solus,
944 1162 977 1219 ut
996 1155 1136 1235 videtur,
1157 1157 1304 1240 Magister
1353 1172 1356 1177 ·

205 1264 337 1346 peditum
361 1265 542 1347 imperabat,
567 1272 599 1329 et
620 1266 692 1329 ideo
714 1264 820 1328 ultimo
840 1265 912 1329 loco
935 1266 986 1331 bic
1007 1265 1213 1348 explicandae
1235 1274 1303 1330 suut
1392 1279 1396 1291 ·

201 1381 415 1453 reseruatae“;
443 1376 501 1439 sed
523 1393 665 1441 caussam
695 1394 735 1439 ex
756 1376 810 1441 Tb.
825 1375 858 1439 0.
872 1375 902 1438 b.
916 1376 999 1440 tcit.
1017 1376 1219 1458 repetendam
1242 1394 1303 1441 non
1353 1356 1356 1363 ’

203 1486 361 1570 cognovit,
383 1486 403 1547 i.
416 1505 443 1549 c.
457 1487 540 1566 quod
564 1487 595 1550 in
617 1485 743 1551 alteram
765 1485 1032 1566 consuetudinem,
1058 1505 1125 1551 curn
1147 1486 1225 1551 baec
1238 1488 1302 1551 No-

202 1596 267 1659 titia
290 1603 537 1678 componeretur,
562 1597 732 1662 derivatum
751 1597 852 1661 luerat
873 1597 1124 1679 Praeposituras,
1146 1597 1299 1662 Tribuna-

200 1713 248 1770 tus
273 1712 304 1770 et
326 1707 538 1773 Praefecturas
571 1709 727 1789 mendam
749 1727 768 1771 e
788 1707 908 1771 blinore
929 1707 1092 1772 Laterculo
1118 1708 1301 1773 emittendus

200 1816 319 1881 abhoc
343 1817 479 1883 sublatas
508 1818 548 1882 ad
568 1818 787 1900 Magistrorum
805 1818 933 1883 llilitum
961 1824 1144 1899 potestatem
1167 1818 1303 1899 disposi-

199 1928 376 2010 tionemque
397 1929 569 2008 transiisse,
593 1930 643 1992 cui
664 1930 773 1993 abusui
796 1930 918 1992 obviam
939 1928 1014 1992 itum
1036 1933 1084 1993 est
1104 1928 1165 1993 illis
1181 1929 1303 1995 consti-
1354 1980 1357 2027 ἶ

202 2040 379 2103 tutionibus.
423 2039 528 2122 ltaque
557 2041 637 2105 iuter
660 2041 720 2104 alia
749 2040 789 2104 de
811 2046 913 2103 aetate
942 2039 1032 2103 huius
1061 2038 1196 2105 Notitiae
1225 2057 1302 2103 con-

199 2150 333 2232 scriptae
355 2149 538 2214 documenta
568 2150 660 2215 multa
684 2151 775 2215 etiam
804 2149 865 2213 boc
893 2149 1062 2229 babemus,
1088 2149 1172 2230 qnod
1195 2157 1303 2213 eontra
1355 2160 1358 2191 ³

200 2260 266 2323 eius
288 2259 438 2324 rationem
464 2262 599 2342 priscum
630 2279 747 2326 morem
771 2259 845 2324 inde
867 2260 905 2325 ab
929 2280 957 2323 a.
976 2260 1050 2323 415.
1066 2259 1183 2323 sensim
1208 2277 1303 2323 revo-

200 2370 266 2435 cari
287 2369 435 2435 videmus.

283 2517 323 2530 —
345 2483 390 2558 ll.
403 2484 432 2546 9.
443 2499 490 2563 sq.
511 2480 610 2563 ruba]
635 2481 709 2544 Item
730 2483 750 2545 i.
764 2501 792 2545 e.
807 2486 878 2563 post
893 2478 1078 2561 spectabiles
1091 2478 1226 2543 Comites
1237 2480 1302 2543 Du·
1354 2482 1357 2563 l

199 2608 313 2672 casque
335 2593 383 2655 rei
402 2591 543 2656 militaris
566 2611 635 2656 cum
657 2593 721 2657 suis
744 2591 853 2673 copiis,
876 2590 1173 2673 blagistrisblilitum
1193 2590 1303 2653 subdi·
1355 2662 1357 2667 ,

200 2700 238 2763 tis
260 2700 394 2780 quidem,
417 2701 474 2764 sed
490 2701 574 2766 iuxta
594 2702 730 2782 priscam
747 2701 1002 2767 consuetudinem
1017 2698 1219 2765 ebaterculis
1236 2700 1303 2763 sive
1348 2738 1357 2823 Μ

197 2810 306 2875 maiori
328 2809 398 2873 sire
424 2811 537 2877 minori
558 2811 752 2893 emittendis,
784 2817 854 2876 ante
875 2828 965 2892 quam
990 2810 1031 2875 ad
1052 2809 1139 2873 viros
1162 2808 1303 2874 clarissi-
1348 2828 1357 2893 p,

198 2938 282 3000 mos,
317 2921 545 3003 provinciarum
575 2921 757 3002 praesides,
780 2921 950 2986 descendat
979 2921 1059 2987 haec
1080 2919 1216 2999 Notitia,
1241 2920 1300 2983 iam
1354 2972 1356 2977 .

196 3030 397 3114 exponendae
419 3038 491 3095 sunt
505 3050 630 3113 ,omnes
644 3033 772 3097 Minoris
794 3031 935 3096 laterculi
957 3031 1123 3114 dignitates
1148 3046 1227 3110 quae
1246 3030 1301 3093 sub
1354 3064 1357 3111 t

197 3160 271 3206 cura
292 3142 415 3225 quidem
436 3161 474 3206 ac
502 3143 712 3209 sollicitudine
733 3163 762 3205 v.
779 3142 822 3205 ill.
838 3142 1020 3218 Quaestoris
1043 3158 1113 3204 esse
1137 3147 1228 3203 antea
1251 3139 1301 3201 vi·
1354 3122 1357 3205 Ῑ

197 3253 358 3333 debentur,
381 3258 490 3335 postea
509 3258 617 3334 uero“,
639 3253 721 3335 quod
747 3253 836 3317 buius
850 3253 984 3318 Notitiae
1006 3251 1143 3331 scriptae
1166 3256 1302 3331 tempore
1353 3238 1356 3257 ¹

198 3365 366 3446 oblinebat,
389 3365 446 3447 ,ad
459 3364 676 3449 Magistrorum
696 3365 824 3429 militum
845 3368 1028 3446 potestatem
1047 3359 1301 3442 dispositionem·
1354 3372 1356 3449 j

198 3495 258 3558 que
287 3476 501 3555 transierant“‚
530 3480 563 3537 ut
587 3475 652 3556 ipsa
681 3475 849 3540 Theodosii
871 3476 910 3538 A.
934 3474 1031 3538 verba
1054 3473 1087 3535 L.
1101 3472 1131 3536 3.
1144 3472 1198 3534 Tb.
1212 3473 1244 3536 C.
1259 3471 1301 3532 tit
1353 3478 1356 3549 t

198 3590 249 3651 cit.
270 3587 394 3650 babent.
438 3585 546 3650 blirum
577 3585 609 3647 in
632 3586 757 3649 modum
781 3583 966 3652 lo.'Savar0
997 3588 1118 3661 (annot.
1136 3581 1176 3644 ad
1196 3581 1302 3647 Sidon.
1353 3584 1356 3655 !

144 3710 149 3715 ·
197 3697 331 3779 Apolttn.
347 3698 435 3778 epist.
454 3695 504 3759 ltt.
518 3694 564 3760 18.
581 3714 610 3777 p.
623 3697 695 3760 972.
710 3696 759 3760 ed.
774 3696 868 3760 Paris.
885 3695 975 3759 1599.
989 3694 1049 3773 4⁰.)
1074 3691 1206 3771 erravit,
1236 3710 1303 3753 cum
1354 3696 1358 3751 i

197 3814 297 3872 totum·
315 3807 377 3871 boc
410 3812 503 3889 caput
532 3805 748 3888 praecedentis
778 3813 895 3888 partem
921 3805 1049 3871 efficere
1078 3808 1304 3884 sequentesque
1355 3824 1358 3887 j

198 3918 373 4003 praelectas
395 3936 434 3981 ac
455 3918 594 3982 tribunos
619 3936 727 3983 omnes
752 3918 809 3982 sub
834 3917 1038 4000 dispositione
1060 3914 1155 3978 Ducis
1168 3914 1304 3998 blogon-
1358 3998 1361 4015 Ι

197 4029 344 4093 liecensis
367 4028 465 4092 inisse
486 4028 683 4110 opinaretur:
703 4047 774 4092 nam
797 4030 829 4092 in
851 4028 911 4091 hoc
933 4043 1042 4091 errore
1064 4044 1133 4089 euru
1149 4028 1305 4087 versutum
1359 4058 1362 4087 2

198 4156 279 4219 esre,
305 4137 436 4220 probant
460 4138 539 4201 baec
563 4139 629 4202 eius
652 4140 765 4204 uerba:
780 4138 912 4220 „Notitla
936 4138 1007 4219 imp.
1022 4135 1078 4200 sub
1099 4133 1306 4215 dispositione

202 4247 550 4331 V.Spectabilis1)ucis
571 4250 836 4332 bloguntiaccnsis
858 4248 962 4329 Prues.
976 4246 1141 4325 Lautorum,
1166 4243 1308 4306 Bumuo.

200 4377 278 4441 ratu,
299 4368 329 4423 et
350 4360 511 4425 Gentilium
522 4361 705 4441 saeuorum,
729 4360 866 4425 paoem
888 4357 1238 4439 etos-praepostus
1251 4360 1305 4421 u“.
