2918 4914
350 396 478 446 aaran.
504 396 547 444 uo
565 375 1027 471 aaa.118*·li.21...25.aq.
1131 376 1243 447 1019*

138 594 264 659 fluvium
283 595 315 658 iu
336 603 440 660 monte
465 595 648 659 collocatum
673 600 747 658 erat.
783 595 834 675 qui
858 613 925 657 curn
948 613 1002 676 per
1026 595 1092 658 dies
1116 595 1245 677 amplius

138 702 191 768 tx
214 705 323 768 nescio
348 723 437 787 quem
461 705 609 788 mugitum
632 705 730 784 daret,
752 704 876 767 tandem
897 707 1014 767 scissus
1037 711 1128 786 atque
1151 723 1246 786 sepa-

138 820 223 877 ratus
247 833 336 878 mons
360 815 411 879 ille
434 815 472 879 ab
497 816 557 879 alio
581 822 684 879 monte
700 815 760 879 sibi
782 815 953 896 propinquo
970 834 1037 878 cum
1056 815 1245 895 hominibus,

1257 196 1383 286 rna=

1297 292 1320 357 l

140 923 284 988 eeclesiis
313 925 483 1007 opibusque
515 945 552 990 ae
582 925 723 989 domibus
754 925 783 986 in
812 923 936 987 lluvium
967 925 1028 987 ruit
1058 925 1249 1007 exclusoque
1302 986 1305 992 .

141 1035 239 1097 amois
253 1034 338 1097 illius
364 1035 455 1099 litore
479 1052 557 1116 aqua
580 1040 750 1098 retrorsum
772 1034 877 1115 petiit:
896 1034 985 1097 locus
1006 1035 1117 1099 etenim
1142 1034 1193 1097 ille
1209 1033 1248 1097 ab

140 1149 268 1225 utraque
298 1151 386 1225 parte
408 1165 426 1208 a
452 1145 606 1208 montibus
632 1145 797 1207 conclusus
827 1150 910 1224 orat,
938 1145 1018 1208 inter
1040 1163 1168 1226 quorum
1191 1163 1252 1207 an-

140 1254 259 1336 gustias
278 1260 401 1317 torrens
425 1254 538 1319 delinit.
572 1255 724 1318 inundans
740 1272 816 1337 ergo
833 1254 1023 1336 superiorem
1036 1260 1154 1334 partem
1171 1272 1251 1336 qnae

139 1363 226 1444 ripae
248 1362 413 1442 insidebat,
438 1365 559 1445 operuit
581 1372 672 1446 atque
696 1363 824 1427 delevit:
849 1363 1039 1426 accumulata
1065 1364 1146 1443 errirn
1171 1380 1253 1443 aqua

142 1489 305 1553 erumpens
328 1473 474 1537 deorsum
497 1474 673 1555 inopinatos
697 1473 856 1552 reperiens
880 1472 1039 1550 lromines,
1063 1478 1095 1533 ut
1118 1471 1253 1551 desuper

141 1580 270 1663 lecerat,
292 1583 376 1664 ipsos
391 1583 544 1662 enecavit,
569 1583 678 1646 domos
694 1583 815 1661 evertit,
839 1582 974 1645 lumenta
991 1582 1106 1645 delevit
1126 1587 1157 1643 et
1172 1596 1252 1661 quaa

142 1698 252 1755 cuncta
277 1691 422 1768 litoribus⁴
445 1691 505 1755 illis
529 1692 718 1771 insidebant,
742 1708 839 1772 usque
864 1690 904 1753 ad
928 1692 1072 1754 lenuham
1096 1691 1253 1753 civitatem

141 1801 256 1882 [Gaul]
279 1802 415 1866 violenta
444 1809 535 1884 atque
558 1802 657 1866 subita
681 1801 884 1865 inundatione
914 1802 1037 1882 diripuit
1059 1807 1150 1882 atque
1174 1799 1253 1863 sub-

142 1911 242 1975 vertit.
276 1913 444 1977 traditura
469 1912 571 1975 multis
594 1919 707 1976 tantam
724 1912 905 1996 congeriem
927 1912 1002 1974 inibi
1026 1930 1124 1992 aquae
1142 1911 1251 1989 luisse,

141 2021 229 2082 utin
253 2022 457 2086 antedictam
484 2023 636 2085 civitatem
663 2040 756 2103 super
778 2041 883 2085 muros
911 2021 1144 2103 ingrederetur:
1168 2018 1253 2101 quod

139 2130 341 2195 dubiumnon
356 2138 413 2212 est,
438 2132 734 2214 quia...llhodanus
757 2132 788 2193 in
808 2132 887 2194 locis
908 2129 970 2192 illis
992 2131 1072 2193 inter
1091 2129 1251 2213 angustias

143 2240 290 2304 montium
314 2241 429 2320 delluit,
454 2260 513 2305 nec
536 2242 640 2305 habuit
662 2242 695 2303 in
716 2240 823 2319 latere,
849 2258 918 2302 cum
940 2240 996 2302 luit
1018 2240 1173 2320 exclusus,
1190 2255 1251 2321 quo

143 2368 178 2414 se
199 2349 380 2429 diverteret,
405 2358 651 2433 commotumque
670 2357 816 2429 montem,
842 2350 894 2431 qui
917 2349 1133 2430 descenderat,
1157 2349 1255 2413 adse-

143 2460 203 2524 mel
219 2460 320 2542 erupit
342 2467 372 2524 et
392 2460 439 2523 sic
462 2469 571 2523 cuneta
595 2460 728 2524 delevit“
754 2466 825 2523 etr.
871 2460 1009 2523 Castrum
1034 2460 1166 2522 Gle'rotle
1186 2459 1255 2523 sive

146 2570 275 2633 Cte'rolte
304 2589 399 2652 prope
429 2572 459 2634 S.
481 2570 644 2652 Saphorini
675 2571 756 2633 inter
783 2568 935 2633 tiniacum
956 2567 1091 2652 (Veoep)
1114 2575 1144 2632 et
1168 2568 1255 2650 Cutlp

146 2679 184 2741 ad
207 2681 291 2744 viam
313 2698 392 2763 quae
415 2682 612 2745 Lousonnam
635 2681 736 2760 ducit,
759 2682 791 2743 in
818 2680 899 2743 clivo
928 2699 1020 2763 supra
1050 2681 1152 2744 lacum
1174 2679 1256 2744 emi-

146 2791 246 2871 nenti,
271 2809 289 2853 e
312 2792 444 2872 regione
467 2793 580 2855 montis
610 2790 690 2855 illius
712 2792 952 2856 'tauretunensis
977 2792 1076 2872 (inter
1100 2790 1257 2872 Sapaudi-

148 2917 214 2964 anm
236 2902 338 2964 vicum
353 2901 501 2964 lleitterie
511 2902 746 2984 vallensemque
769 2922 787 2965 a
809 2903 840 2966 S.
858 2902 1032 2986 Gingolplro
1050 2903 1257 2981 nominatum)

149 3013 303 3076 eonditum
325 3014 439 3077 veteris
454 3013 626 3078 Calaronae
643 3030 724 3076 anno
739 3012 813 3076 563.
832 3012 993 3075 demersae
1017 3030 1131 3076 nomen
1155 3012 1258 3075 adhue

148 3122 250 3186 refert.
282 3124 422 3205 (proprie
445 3123 574 3186 Ctdrolte
597 3142 622 3186 s.
638 3123 769 3185 Gte'rotte
793 3123 873 3185 toret
894 3153 927 3177 =
945 3122 1139 3186 Calaronella
1155 3141 1180 3186 s.
1196 3123 1258 3185 Ga-

149 3231 264 3297 larulla.
312 3234 351 3297 de
372 3234 498 3297 Raetico
523 3233 674 3297 vocabulo
697 3232 903 3296 Calanatia:
926 3233 1088 3311 Cularone,
1112 3234 1256 3312 Cleraun,

151 3341 301 3424 Celerina,
326 3344 465 3422 Clerant,
489 3343 644 3421 Glereina,
670 3343 829 3422 Goldrain,
850 3342 988 3423 llollern,
1014 3343 1167 3423 Schliern,
1194 3342 1256 3404 vid.

151 3451 240 3518 Steub
252 3473 281 3535 p.
292 3453 344 3518 33.
359 3450 410 3517 42.
427 3452 595 3534 58.61.sq.
610 3452 697 3532 165.)
728 3453 771 3515 llti
792 3458 994 3533 reppererunt
1007 3452 1138 3533 lapidem
1154 3451 1258 3515 milia-

150 3563 223 3626 rium
238 3583 266 3628 a.
276 3563 327 3628 ta.
340 3583 369 3646 p.
381 3564 452 3627 Chr.
461 3548 604 3644 positum,
614 3562 665 3644 qui
681 3563 774 3626 docet
784 3562 885 3625 locum
901 3562 939 3625 ab
951 3562 1105 3625 Aventico
1116 3560 1260 3625 XXXVll

150 3670 184 3736 ll.
196 3674 225 3737 Ρ.
241 3674 358 3738 aluisse
381 3673 494 3753 (Orell.
510 3671 763 3736 lnscrrllelvett.
776 3690 806 3733 n.
824 3671 1082 3754 137.),aramque
1104 3672 1258 3735 Fortunae

150 3781 290 3850 Reducis.
302 3784 394 3865 (ibid.
408 3803 437 3846 n.
452 3782 521 3847 138.
546 3783 591 3846 Cl.
603 3783 708 3864 lleyer
720 3803 749 3845 v.
761 3782 892 3845 llnonau
907 3781 943 3846 ll.
958 3782 1041 3861 273,
1056 3781 1134 3846 Ebel
1146 3781 1258 3854 dulcit,

151 3892 404 3960 odiretur-1843.
418 3914 447 3957 v,
460 3893 493 3958 S.
502 3892 657 3973 Saptoria
671 3912 698 3973 p.
708 3893 792 3972 533,
814 3892 926 3956 Hassel
935 3892 1024 3956 lleto.
1035 3892 1122 3975 liidp.
1135 3894 1259 3974 pata.)

152 3998 230 4069 lllam
251 4004 538 4088 interpretationem
559 4003 731 4068 'l'sehudius
753 4004 847 4082 (Gall.
860 4011 971 4068 comat.
985 4023 1014 4086 p.
1028 4005 1128 4084 170.),
1151 4002 1261 4067 (1111111-

153 4245 304 4308 opuseulum
323 4247 387 4301 lud.
399 4247 502 4302 Steubii
526 4249 587 4301 det.
598 4249 639 4300 die
656 4247 831 4300 Urteaoolaner
847 4249 968 4302 linitione.
984 4248 1123 4304 Mainalion
1133 4247 1209 4301 1843.
1221 4247 1260 4300 8⁰.

153 4341 222 4403 Md.
233 4351 288 4396 not.
301 4350 322 4396 t.
