2918 4914
93 228 1259 275 ‘w

385 406 517 456 ctrxu.
545 406 586 454 to
612 379 1010 472 rnu.ll9*·ll.21...‘22l.
1130 381 1244 461 1043*

141 607 215 671 Aut.
226 606 409 687 interpretes
433 607 472 670 ad
495 607 650 670 lehuno
672 607 806 671 Notitiae
828 606 930 671 locum
956 613 1191 697 annotaverunt,
1214 614 1247 672 ut

139 734 206 780 non
228 716 418 781 intellexisse
446 717 608 781 videantur
631 718 713 781 idem
732 718 875 800 oppidum
899 724 1030 799 utroque
1059 718 1138 782 libro
1162 717 1248 781 indi-

141 826 218 890 cari.
262 826 400 890 Alterum
426 828 586 909 oppidum,
610 828 665 892 sed
689 829 770 910 quod
792 829 822 891 h.
836 827 856 890 l.
873 829 1034 892 recenseri
1056 828 1247 910 negaverim,

144 937 225 1000 inlra
250 935 526 1022 Caesaraugustam
549 936 743 1019 (Zoroporo)
772 940 803 1001 in
826 939 972 1002 Edetanis
997 939 1087 1002 situm
1111 938 1185 1017 luit,
1209 936 1249 1002 de

140 1064 202 1128 quo
222 1045 295 1108 Plin.
310 1045 329 1108 Ι.
341 1065 369 1108 c.
380 1055 410 1124 s.
422 1049 450 1110 9.
466 1047 732 1132 ,Caesaraugusta
748 1049 870 1113 colonia
887 1049 1031 1126 inmunis,
1055 1065 1144 1111 amne
1156 1047 1247 1110 lbero

141 1155 259 1236 affusa,
282 1156 336 1218 ubi
360 1157 505 1238 oppidum
526 1163 616 1221 antea
638 1159 807 1221 vocabatur
829 1158 981 1236 Salduba,
1004 1157 1172 1221 Edetaniae
1194 1175 1249 1220 re·
1368 1227 1370 1231 y

140 1266 222 1346 cepit
244 1265 374 1347 populos
397 1265 490 1346 CLll,
515 1287 555 1330 ex
582 1267 630 1330 his
660 1256 772 1330 civium
792 1268 880 1331 ltom.
896 1265 1071 1330 Belituoos“
1095 1265 1249 1343 (hebe-

138 1375 213 1439 liam
235 1376 452 1440 inhabitantes.
483 1377 522 1439 cf.
541 1376 707 1440 llumboldt
725 1377 831 1440 Weclse
849 1378 886 1440 ll.
900 1396 931 1459 p.
944 1377 1030 1456 69.);
1054 1383 1086 1441 et
1109 1394 1156 1458 ap.
1171 1376 1245 1439 Ptol.

138 1483 281 1564 llum).
303 1469 384 1548 inter
412 1485 599 1567 Ἠδητανιὸν
633 1483 742 1559 πόλεις
768 1489 954 1568 μεσογείους
982 1492 1029 1550 est
1053 1489 1170 1550 Βέλεια
1195 1485 1248 1565 [al.

139 1596 285 1676 Betttop
312 1588 509 1658 consentiunt
532 1595 592 1658 hoc
613 1596 755 1678 oppidum
779 1614 850 1659 esse
866 1594 999 1658 Betebite
1018 1595 1173 1678 hodieque
1192 1595 1249 1660 sub

143 1710 326 1768 correctore
358 1705 649 1790 Caesaraugustano
680 1706 885 1769 constitutum.
921 1707 960 1769 cl.
976 1706 1095 1769 llassel.
1116 1723 1145 1786 p.
1163 1705 1249 1785 eat,

142 1814 393 1878 Genu-Bermud.
408 1833 438 1896 p.
454 1815 543 1893 137.;
564 1817 635 1880 item
658 1816 806 1879 llarduin.
818 1815 857 1879 ad
876 1814 1033 1895 Plinio,
1057 1814 1168 1879 Cellar.
1183 1814 1204 1876 l.
1218 1833 1248 1896 p.

145 1926 286 2006 respui
308 1944 469 2007 perperam
492 1926 705 1990 seolleinesii
732 1926 940 1988 coniecturam
964 1925 1044 2006 apud
1067 1924 1143 1988 Plin.
1163 1922 1250 1987 Bett-

142 2041 234 2097 tooos
255 2035 287 2096 in
309 2034 504 2097 Bilbilitooos
525 2036 634 2098 mutari
654 2034 767 2113 voluit,
791 2036 940 2098 Mannert.
955 2032 1081 2114 plats,
1102 2033 1208 2098 Uliert.
1218 2053 1247 2116 p.

139 2144 214 2208 417.
230 2144 302 2225 ibiq.
312 2144 363 2206 cit.
375 2144 550 2209 Sestinium.

227 2291 267 2300 -
289 2254 335 2330 ll.
350 2253 400 2318 93.
415 2252 481 2335 oh]
505 2253 569 2317 llos
589 2272 697 2317 versus
719 2272 818 2336 neque
839 2254 870 2315 in
889 2264 964 2313 mss.
987 2270 1087 2334 neque
1110 2254 1141 2316 in
1157 2247 1244 2313 coitis

141 2363 302 2427 codicibus
332 2363 413 2446 legi,
440 2364 495 2428 sed
527 2384 544 2427 a
575 2383 624 2426 me
656 2364 778 2428 additos
809 2384 897 2444 esse,
928 2366 994 2446 ipsa
1018 2365 1115 2428 forma
1141 2381 1247 2428 eorum

141 2472 287 2537 ostendit.
331 2473 421 2537 Solus
441 2473 601 2536 labbaeus
624 2492 733 2537 versus
756 2475 805 2537 92.
823 2475 917 2565 etflh.
931 2475 981 2537 ed.
994 2480 1119 2538 nostrae
1141 2473 1245 2538 verbis

140 2580 201 2644 lito
222 2581 331 2644 desunt
347 2582 495 2644 nonnette
513 2582 659 2645 distinxit.
703 2583 882 2647 Pancirolus
902 2585 934 2647 in
949 2585 1170 2649 commentario
1190 2600 1247 2648 suo

139 2693 307 2771 rubricam,
331 2693 387 2756 sed
409 2711 448 2756 ne
471 2693 579 2756 iustam
603 2692 738 2774 quidem,
759 2694 863 2757 versui
879 2696 930 2758 95.
946 2695 1147 2777 praescripsit
1167 2673 1248 2759 ba'ne

141 2802 180 2865 In
193 2802 361 2883 prouincia
380 2801 574 2884 lugdunensi
594 2803 741 2879 secondo,
761 2811 790 2866 et
810 2804 912 2884 lertio,
932 2811 963 2869 et
985 2804 1063 2870 inter
1082 2806 1205 2882 libet
1217 2804 1247 2869 6.

139 2932 169 2995 p.
185 2914 271 2977 120&
285 2911 334 2975 cd.
346 2918 443 2976 nostr.
457 2912 536 2976 hanc
552 2911 589 2974 lo
607 2912 774 2992 prou-tocie
788 2911 911 2996 Belgica
928 2916 1035 2994 primo
1054 2919 1084 2977 et
1097 2913 1249 2988 secando3

141 3023 275 3088 debebat
296 3023 399 3105 itaque
421 3023 513 3087 etiam
535 3024 641 3087 versui
657 3026 707 3089 90.
721 3041 915 3105 praeponere
936 3023 973 3086 lo
990 3024 1248 3105 procinctoder·

139 3131 248 3195 monio
269 3131 407 3194 secando
430 3139 464 3194 et
483 3132 588 3195 versui
607 3134 657 3196 22.
671 3131 708 3194 lo
728 3132 913 3212 Aquitanico
930 3134 1043 3212 primo.
1087 3133 1246 3214 Equidem,

140 3242 168 3307 si
194 3240 279 3323 plura
301 3259 364 3305 non
388 3241 579 3319 exciderunt,
601 3242 756 3306 rubricam
772 3262 839 3305 eam
863 3260 952 3323 quam
976 3243 1110 3322 exhibui,
1134 3243 1173 3306 ab
1185 3241 1248 3304 ini-

139 3351 184 3414 tio
208 3351 318 3415 lectam
343 3352 440 3415 luisse
465 3350 661 3414 crediderim.
707 3351 848 3415 Ceterum
873 3351 913 3415 de
937 3352 1048 3415 ordine
1068 3352 1115 3415 sic
1136 3351 1247 3415 Panei-

142 3461 228 3527 rolus
257 3462 397 3543 scripsit:
420 3461 551 3540 „Notitia
584 3460 749 3542 praesidiis
769 3461 983 3542 Hispaniarum
1013 3462 1183 3544 expositis,
1207 3461 1276 3526 nd·

142 3572 258 3637 Gallias
281 3572 457 3650 revertitur,
479 3590 519 3634 ne
544 3571 619 3634 duas
642 3571 783 3652 legiones
807 3571 977 3653 disiungat,
999 3573 1161 3635 laetorum
1183 3572 1249 3635 soi·

138 3682 215 3747 lieet
238 3689 269 3747 et
290 3683 507 3760 Sarmatarum,
531 3682 582 3762 qui
607 3680 816 3762 complurimi
842 3688 961 3759 essent,
983 3680 1139 3763 proprium
1161 3687 1249 3746 catu·

139 3793 243 3877 logum
267 3797 454 3855 meruerunt.
499 3793 610 3855 Laetos
632 3807 707 3854 vero
729 3791 813 3871 prius
836 3797 1006 3855 recensete.
1051 3791 1146 3866 Quasi
1168 3790 1248 3856 duae

139 3903 282 3985 legiones
304 3902 446 3981 luissent,
469 3903 633 3965 laetorum
658 3917 735 3980 une,
761 3900 857 3963 ultera
879 3901 1095 3964 Sarmatarum.
1128 3901 1249 3967 scilicet

140 4014 212 4097 quid
240 4012 343 4090 Laeti,
379 4012 451 4092 quid
492 4012 629 4075 Gentiles
661 4011 720 4075 hae
748 4011 863 4075 Notitia
891 4010 1017 4075 indicati
1048 4018 1172 4092 essent,
1207 4030 1247 4076 ne

140 4123 264 4206 quidem
285 4122 531 4203 perscrutatione
556 4121 697 4205 indigere
720 4120 880 4201 intellexit,
895 4121 950 4184 sed
973 4122 1048 4188 satis
1069 4122 1175 4186 habuit
1188 4141 1247 4202 „ex

139 4233 242 4298 laetis
264 4231 383 4296 Galliae
405 4231 526 4312 populis
548 4233 661 4295 Laetos
684 4230 796 4295 milites
821 4237 1005 4314 extractos“,
1029 4231 1165 4296 Gentiles
1188 4248 1246 4294 au-

139 4350 201 4408 tem
223 4341 417 4425 ,Barbaros,
442 4341 494 4422 qui
524 4357 587 4403 non
611 4347 699 4404 erant
729 4342 859 4423 imperio
880 4343 1017 4407 ltomano
1040 4341 1191 4420 subiecti,
1214 4347 1245 4403 et

93 4463 1318 4603 w'g
