2918 4914
204 381 318 455 1132*
333 400 1309 482 monetmonouemenunmmomnrurrue-mmmm.

199 609 281 684 ptum
305 604 398 667 luerit
416 603 568 683 [onerum
581 603 602 664 i.
616 622 643 666 e.
658 601 819 681 Sonenrio,
840 608 873 665 ut
890 602 956 666 lere
978 618 995 663 o
1016 606 1047 666 et
1067 607 1081 662 t
1101 608 1172 683 post
1185 619 1207 660 n
1228 616 1311 664 eoa-

199 712 330 777 lundere
347 713 456 777 solitus
481 722 528 776 est
548 713 702 779 librarius.
726 714 765 777 ad
787 712 887 776 Sonos
908 713 995 777 traho
1017 713 1135 777 locum:
1161 730 1234 775 nam
1256 710 1309 773 ni-

197 822 251 885 hili
273 842 346 888 esse
370 824 492 887 videtur
522 824 674 888 l'auoiroli
697 824 1036 906 adnotatio·„regionis
1064 822 1232 901 Samnitis,
1257 820 1311 884 ubi

196 950 279 997 nunc
301 941 372 998 sunt
387 934 534 997 Abmtii‘t
559 953 719 1000 versamur
736 936 768 997 in
789 935 950 1016 superiore
964 933 1061 998 ltalia.
1090 932 1196 997 Sonos
1211 948 1309 995 unum

197 1042 366 1108 ltllieros.
383 1044 495 1125 poso.
514 1062 607 1126 supra
631 1045 669 1109 ad
691 1047 719 1121 l.
732 1045 761 1108 9.
775 1051 906 1109 transm.
922 1051 1082 1123 memorat,
1109 1026 1168 1107 sed
1190 1042 1233 1105 ita
1258 1043 1311 1106 in-

196 1158 245 1216 ter
264 1153 400 1218 Altinum
427 1162 459 1218 et
490 1154 695 1220 Concordiam
721 1155 870 1235 oollooat,
895 1162 986 1236 atque
1015 1156 1041 1218 si
1074 1154 1152 1218 haec
1182 1152 1310 1235 oppida,

196 1280 276 1346 quae
295 1283 362 1330 seo·
375 1267 409 1331 lt.
425 1266 495 1330 Ant.
507 1266 618 1346 XXXl,
643 1285 708 1330 seo.
720 1265 986 1331 naulumxxx
999 1266 1038 1329 ll.
1049 1265 1079 1327 Ρ.
1094 1266 1175 1328 inter
1196 1282 1234 1328 se
1256 1264 1309 1328 di-

196 1376 348 1454 stiterunt‚
373 1377 507 1439 nonnisi
520 1375 679 1440 xvllllll.
691 1377 722 1439 Ρ.
736 1376 818 1440 inter
831 1394 867 1440 se
889 1376 1048 1440 distarent.
1072 1376 1179 1457 itaque
1194 1374 1308 1438 incerti

196 1501 301 1549 sumus
320 1490 420 1550 utrum
444 1486 729 1551 ltinerariillieros.
744 1487 863 1551 numeri
885 1485 1205 1552 muneralium!
1225 1485 1309 1548 insto

195 1596 334 1661 minores
356 1597 432 1677 sint,
458 1615 498 1661 an
520 1597 646 1661 mutatio
672 1596 822 1679 quaedam
846 1604 917 1660 ante
939 1597 1007 1661 siae
1029 1602 1099 1678 post
1121 1596 1223 1661 Sauos
1244 1613 1304 1659 ex·

196 1704 326 1786 uiderit,
347 1708 429 1789 qnod
452 1708 557 1772 verius
580 1714 713 1772 estnon
736 1707 835 1771 solum
863 1707 933 1789 quia
957 1707 1158 1770 mutationum
1180 1705 1307 1770 ltaliae-

193 1833 260 1879 rum
283 1817 365 1882 iuter
384 1836 422 1883 se
439 1818 584 1882 dIstantia
606 1836 765 1881 numerum
781 1818 861 1897 Xlll,
882 1820 909 1882 si
923 1818 1024 1882 eidem
1036 1816 1200 1882 itinerario
1214 1817 1304 1881 iidem

195 1925 354 2007 habemus,
378 1944 528 2010 nusquam
542 1929 708 2010 superavit,
733 1928 893 1993 sedetiam
909 1929 980 2010 quia
996 1928 1180 1992 mutationes
1191 1926 1304 1992 Xllllll

194 2054 271 2118 quas
292 2057 327 2119 „a
348 2038 557 2103 Mediolanum
570 2038 713 2119 Aquileia
736 2047 853 2120 usqum
876 2040 972 2120 ipsum
992 2039 1185 2103 itinerarium
1206 2037 1302 2101 luisse

195 2145 280 2227 dicit,
303 2165 367 2212 nou
392 2166 500 2214 omnes
523 2149 581 2213 sed
594 2148 681 2212 Xllll
704 2154 818 2212 tantum
836 2154 1034 2214 enumeratae
1045 2155 1125 2213 sunt.
1157 2150 1203 2212 Ne
1225 2146 1301 2211 mnl·

196 2256 236 2320 tis
259 2258 364 2322 verbis
388 2276 465 2341 opus
488 2259 545 2338 sit,
570 2276 626 2322 onr
649 2259 748 2322 Sanos
772 2258 805 2320 in
827 2257 900 2321 hod.
918 2257 1000 2321 ltine
1022 2257 1184 2321 Zanetena
1207 2274 1299 2339 qnae-
1337 2312 1339 2325 .

191 2385 269 2449 ram,
284 2367 376 2432 laeile
397 2368 477 2434 haee
490 2367 591 2454 figura
606 2369 646 2432 ad
663 2366 857 2433 Chauohnrdi
872 2386 1016 2452 magnam
1031 2386 1170 2450 mappam
1191 2384 1295 2450 geogr.
1336 2340 1339 2461 ἔ

191 2476 298 2542 ltaliae
322 2480 576 2560 septentrionalis
599 2479 753 2543 delineata
778 2477 931 2558 ostendet,
954 2476 1048 2541 modo
1073 2477 1295 2541 meminerimus
1335 2474 1338 2483 '

115 2672 121 2683 ⁹
192 2593 254 2651 tum
276 2606 339 2651 non
365 2590 455 2654 Senis
474 2591 567 2672 ipsis,
592 2591 647 2653 sed
669 2590 793 2672 regioni
816 2588 947 2652 Senensi
969 2586 1028 2651 hos
1051 2587 1188 2650 Gentiles
1213 2587 1294 2650 attri-

192 2698 256 2778 bui,
279 2706 342 2762 tum
364 2698 541 2764 distantiam
563 2700 704 2764 locorum
720 2702 752 2763 iu
769 2699 940 2763 itinerariis
957 2715 1019 2762 non
1038 2716 1077 2762 ex
1092 2699 1187 2762 rectis
1200 2698 1293 2772 lineis,

190 2807 246 2873 sed
268 2826 308 2872 ex
327 2809 447 2874 viarum
472 2811 655 2895 ambagibus
677 2811 786 2876 metiri.

194 4137 435 4224 Wesselingius,
462 4162 502 4208 ex
522 4145 687 4209 intervallo
712 4142 819 4228 colligi
836 4139 935 4205 Sanos
957 4136 996 4201 ad
1019 4136 1159 4199 dextram
1172 4130 1296 4211 Liquer-

196 4247 258 4310 tiae
282 4249 379 4314 luisse
404 4251 574 4334 adnotavit,
598 4260 629 4317 et
652 4255 830 4319 liaunertus
852 4251 943 4315 etiam
967 4246 1036 4343 (lli.
1048 4247 1074 4308 1.
1087 4260 1117 4326 p.
1127 4242 1197 4321 87.)
1206 4242 1298 4303 mnn-

192 4356 288 4423 tionis
320 4361 412 4427 sitnm
446 4364 620 4433 arcuarius
655 4364 788 4430 iudicari
815 4378 909 4446 posse
937 4357 1072 4444 negavit.
1116 4347 1298 4418 Reiolrardtt
1333 4404 1339 4499 ἢ
