2918 4914
93 254 1321 331 lxm&

418 413 573 482 canuti.
592 435 633 482 io
656 413 976 487 rice.110*.111*.
1152 413 1245 488 849*

138 631 209 694 niae
232 631 350 696 Primae
372 633 574 715 dispositione
597 633 704 698 luisse.
728 635 842 699 nullum
859 636 940 701 euim
956 637 1081 701 dubium
1097 642 1128 700 et
1143 636 1247 700 histo-
1320 680 1326 691 ·

139 743 253 805 riarum
267 744 437 825 scriptores
456 751 487 808 et
508 745 595 826 ipsae
616 744 704 828 leges
727 744 920 828 relinquunt,
935 750 1008 830 quin
1030 764 1102 811 suas
1127 746 1244 811 classes
1322 730 1326 735 ¹

139 851 190 915 hio
214 859 328 917 tractus
360 854 511 917 haberet:
536 872 605 918 nam
629 861 661 919 ut
689 856 748 938 ipsi
777 857 902 922 barbari
922 877 999 942 „per
1028 864 1123 922 totum
1145 873 1246 939 paene

140 963 246 1026 orbem
269 963 398 1045 pedibus
422 964 651 1048 et'navigando
672 967 777 1062 vagati
799 972 886 1030 sunt“
903 968 1044 1050 (Vopisc.
1057 968 1088 1031 in
1101 968 1202 1031 Probo
1210 987 1244 1033 e.

142 1072 226 1152 18.),
248 1073 288 1135 ita
313 1073 470 1137 Romanos
493 1079 553 1137 tam
583 1074 615 1135 in
636 1074 773 1139 Orientis
796 1093 886 1157 quam
910 1077 940 1139 in
965 1077 1146 1142 Occidentis
1169 1095 1246 1159 par-

140 1182 219 1245 tibus
237 1201 293 1264 per
313 1183 437 1246 llumina
458 1183 614 1247 limitanea
637 1183 697 1247 illis
712 1202 785 1249 suas
808 1184 925 1250 classes
949 1181 1126 1250 obiciebant
1135 1207 1147 1263 ;¹
1170 1192 1201 1248 et
1215 1205 1245 1251 e.

139 1311 186 1375 gr.
202 1292 284 1356 idem
296 1293 420 1374 Vopisc.
434 1294 465 1356 in
487 1293 601 1357 Bonos.
615 1313 641 1358 c.
656 1296 703 1358 15.
715 1295 755 1358 de
769 1296 907 1360 incensis
923 1296 1055 1378 quodam
1077 1301 1248 1378 temporeo
1267 1370 1272 1374 ,

141 1403 303 1466 Germanis
313 1403 461 1467 Romanis
483 1403 609 1467 lusoriis
631 1404 755 1468 rettulit.
783 1406 823 1470 cl.
833 1407 925 1471 etiam
942 1412 1045 1470 annot.
1058 1405 1096 1470 ad
1111 1406 1181 1471 Not.
1192 1404 1246 1470 Or.

138 1513 451 1596 paoosqmotaa:

222 1624 312 1686 llunc
339 1624 457 1688 Ducem
481 1624 664 1689 Germaniae
685 1622 804 1688 Primae
835 1642 875 1688 ex
903 1625 942 1689 iis
973 1624 1089 1704 luisse,
1118 1623 1248 1706 ,pibus

138 1732 237 1797 Rheni
261 1733 405 1798 mandata
429 1741 477 1798 est
499 1735 670 1814 custodia“,
693 1740 726 1798 ut
746 1734 879 1820 legimus
891 1734 1023 1800 uum
1038 1734 1072 1798 G.
1086 1734 1172 1798 dere
1188 1732 1249 1796 mi·

139 1842 231 1923 litari,
258 1861 348 1925 supra
372 1863 400 1924 p.
410 1845 498 1909 590&
509 1863 576 1928 sqq.
595 1845 737 1908 vidimus.
783 1845 879 1908 Unius
899 1851 1015 1908 tantum
1040 1863 1129 1926 quem
1149 1845 1248 1908 sciam

140 1953 341 2016 eiuscemodi
361 1953 456 2017 Ducis
486 1961 573 2031 (nam
589 1942 636 2018 'de
658 1954 827 2018 Comitibus
851 1955 898 2018 rei
922 1953 1061 2018 militaris
1084 1971 1140 2035 per
1166 1951 1248 2017 Ger-

140 2062 259 2126 manias
281 2063 321 2127 ad
344 2083 381 2127 ea
405 2081 484 2145 quae
508 2064 541 2126 in
565 2065 787 2128 commentario
803 2064 842 2128 de
854 2064 974 2127 comite
987 2062 1248 2146 Argentoratensi

139 2173 340 2255 protulimus,
370 2181 401 2237 et
431 2175 470 2238 dc
495 2174 664 2238 Severiano
691 2174 795 2264 Duce,
823 2173 862 2238 ad
886 2191 976 2254 quem
1002 2175 1035 2237 L.
1052 2172 1248 2237 1.ttt1.c.de

140 2283 429 2365 postlimin.V.5.a.
442 2283 514 2348 366.
529 2284 642 2348 emissa
665 2266 722 2363 est',
745 2284 784 2347 ad
806 2301 836 2365 p.
850 2282 938 2347 594⁴.
955 2283 1076 2346 reterre
1097 2282 1248 2347 lectorem
1280 2272 1283 2277 ’

140 2393 230 2472 licet)
254 2394 435 2458 nominatim
461 2394 576 2456 mentio
606 2394 689 2457 lacta
711 2399 759 2458 est
782 2394 861 2475 apud
885 2394 1037 2458 Ammian.
1051 2391 1163 2457 XXIX.
1172 2393 1204 2473 4,
1214 2393 1246 2457 7.
1347 2393 1350 2401 '

142 2503 181 2567 ad
202 2522 272 2567 ann.
286 2502 578 2586 371.„Bitheridum
600 2521 677 2568 vero
702 2510 732 2568 et
752 2504 929 2568 Hortarium
950 2503 1084 2568 nationis
1107 2502 1248 2568 eiusdem

142 2613 412 2708 [Alamannopum]
441 2614 587 2694 primates
618 2612 689 2677 item
713 2631 828 2696 regere
850 2613 961 2677 milites
984 2612 1074 2676 iussit
1095 2612 1249 2691 [Valenti-

141 2723 275 2805 nianus].
301 2741 319 2784 e
341 2715 451 2805 quibus
467 2723 629 2786 Hortarius
653 2721 793 2805 proditus
812 2722 965 2787 relatione
981 2720 1154 2785 Florentii*
1166 2722 1248 2784 Ger-

140 2833 261 2895 manice
283 2832 391 2908 Ducis,
416 2837 523 2896 contra
547 2852 613 2897 rem
624 2851 653 2915 p.
667 2832 816 2914 quaedam
831 2832 870 2898 ad
880 2833 1069 2898 Macrianum
1083 2832 1249 2915 scripsisse

141 2944 352 3025 barbarosque
374 2943 547 3024 optimates,
564 2943 694 3007 veritate
716 2943 875 3007 tormentis
891 2962 1049 3026 expressa,
1071 2943 1249 3027 conflagra-
1325 3006 1328 3035 Ι

140 3054 185 3118 vit
202 3054 322 3118 llamma
345 3053 497 3136 poenali“.

225 3164 316 3228 Fines
348 3163 529 3245 provinciae
552 3162 735 3226 Germaniae
757 3161 896 3242 Primae,
920 3161 960 3225 de
984 3161 1093 3243 quibus
1114 3180 1143 3244 p.
1157 3163 1248 3227 482*.

142 3290 209 3355 sqq.
223 3274 261 3337 ad
278 3272 444 3355 p.72'.i.6.
456 3273 586 3354 egimus,
601 3291 669 3335 cum
683 3272 793 3335 linibus
804 3271 894 3335 huius
905 3270 1034 3334 ducatus
1047 3288 1111 3334 non
1121 3271 1249 3336 omnino
1364 3272 1366 3279 '

143 3384 269 3448 eosdem
294 3384 390 3447 luisse
410 3400 501 3464 sopra
525 3382 751 3464 proposuimus.
796 3381 961 3446 Ptolemaei
979 3381 1093 3462 locum,
1107 3382 1145 3445 ad
1159 3394 1249 3463 quem

142 3705 241 3758 llilites
259 3704 432 3768 defensores,
455 3705 472 3754 i.
483 3719 506 3756 e.
516 3703 585 3755 levis
604 3708 754 3755 armaturae
773 3702 876 3772 pedites
896 3704 944 3775 (cf.
954 3703 1087 3757 denoted
1100 3694 1249 3777 Not.0r.pss
1285 3743 1288 3749 ,

146 3805 203 3858 195.
214 3810 269 3854 not.
278 3803 348 3873 aa),
369 3804 395 3854 ei
415 3801 527 3854 castello
548 3800 684 3854 adscribit.

243 3904 270 3967 ⁰)
291 3899 554 3968 ,usoomantaeas
567 3905 719 3950 annotatum
738 3896 838 3950 habent
858 3897 922 3950 editi
942 3898 1012 3951 libri.
1038 3899 1090 3952 Sed
1104 3905 1250 3970 postquam

143 3996 296 4050 l'arcirolus
317 3995 498 4061 „Florentium
513 3995 671 4066 Mogontiaci
685 3995 786 4048 Ducem
807 3996 905 4049 tuisse
926 4010 972 4065 pro
986 4011 1034 4048 suo
1049 3997 1249 4070 ἀκριβολογίας

143 4094 204 4146 odio
224 4095 375 4161 scripserat,
395 4092 449 4158 alii,
466 4100 494 4144 ut
507 4092 673 4146 Lehmaonus
693 4094 720 4144 in
739 4091 871 4145 Chronico
886 4092 1004 4160 Spirensi
1018 4091 1065 4146 lib.
1075 4092 1095 4145 1.
1106 4093 1172 4160 c.9.,
1183 4095 1250 4146 Am·
1330 4160 1337 4173 .

146 4192 234 4250 miano
255 4190 419 4265 Mopuntiaei
436 4205 491 4257 pro
503 4189 661 4242 Germanica
681 4191 750 4257 (sive
767 4190 960 4242 demoniaci.
978 4190 1115 4259 scripserit
1130 4189 1263 4241 llmmiu·⁴

143 4291 205 4361 nus)
226 4287 378 4352 obtrudunt,
399 4287 456 4351 alii,
475 4293 503 4338 ut
518 4269 713 4355 schoepflinus,
732 4287 825 4340 falsam
844 4288 999 4355 scripturam
1016 4288 1091 4341 falsis
1106 4300 1251 4357 urgumon-
1360 4359 1363 4363 ὓ

145 4389 179 4438 tis
202 4386 271 4436 tueri
292 4385 381 4436 conati
400 4391 470 4436 sunt.
490 4383 530 4436 Gi.
545 4383 613 4436 inira
625 4391 796 4438 commentar.
804 4384 836 4436 ad
848 4400 905 4453 cap.
913 4370 1028 4438 llxxlx.

93 4576 127 4623 α
664 4572 667 4577 ,
868 4572 871 4577 ,
1132 4569 1135 4572 ,
1270 4500 1419 4612 Q...
