2918 4914
174 208 1361 322 gam

69 344 73 362 '
187 410 188 417 ι
254 351 346 427 550*
373 371 1344 424 snn.nsnor.occ.csr.xxv.coarsurronasxonmrrrmr.

252 574 429 640 Constantio
451 573 538 637 Caes.
554 571 584 634 d.
605 589 671 652 cap.
691 574 738 635 12.
760 572 838 652 ,lsto
859 587 935 634 vero
957 570 1075 634 nelarie
1103 568 1266 633 latrocinio
1289 569 1347 633 ab·

254 685 343 748 ducta
366 683 492 764 primunr
519 702 536 745 a
559 681 697 763 fugiente
719 681 817 763 pirata
840 680 1015 759 [carausio]
1048 679 1148 744 classe
1170 697 1248 762 quae
1271 679 1345 743 olim

249 792 363 857 Gallias
384 792 534 869 tuebatur,
559 789 727 855 aedificatis
748 795 909 870 praeterea
921 789 1057 870 plurimis
1073 789 1104 851 in
1124 794 1263 852 nostrum
1276 806 1347 852 ιιιο-

247 921 312 967 rem
339 901 489 978 navibus,
519 904 667 980 occupata
697 897 822 981 legione
844 899 1000 977 Romana,
1023 896 1197 962 interclusis
1230 897 1346 979 aliquot

247 1011 482 1095 peregrinorum
503 1010 629 1072 militum
655 1009 777 1087 cuneis,
807 1008 973 1072 contractis
997 1008 1036 1070 ad
1059 1007 1202 1073 dilectum
1221 1026 1346 1071 merca-

247 1122 365 1186 toribus
382 1120 560 1198 Gallicanis,
581 1118 753 1184 sollicitatis
775 1136 830 1200 per
847 1117 944 1199 spolia
965 1119 1099 1199 ipsarum
1118 1118 1346 1200 prouinciarum

248 1248 312 1294 uon
342 1230 550 1294 mediocribus
579 1230 677 1310 copiis
701 1229 920 1308 barbarorum,
953 1235 1042 1309 atque
1070 1228 1109 1291 iis
1135 1228 1276 1291 omnibus
1305 1229 1345 1292 ad

247 1341 350 1404 munia
374 1340 497 1404 nautica
518 1340 625 1421 flagitii
648 1339 729 1405 illius
742 1340 877 1401 auctoris
897 1338 1075 1421 magisterio
1091 1338 1228 1418 eruditis,
1251 1357 1345 1403 exer-

170 1473 176 1479 ·
248 1448 359 1512 citibus
382 1455 481 1512 autem
505 1449 618 1513 nostris
646 1448 718 1512 licet
743 1449 864 1511 invictis
887 1449 1016 1525 virtute,
1038 1453 1139 1511 tamen
1162 1448 1194 1510 in
1214 1466 1250 1511 re
1278 1466 1348 1511 ma-

247 1559 348 1623 ritima
368 1559 468 1636 nonis,
493 1559 603 1622 malam
626 1559 783 1623 coaluisse
800 1577 839 1621 ex
858 1557 1073 1640 indignissimo
1095 1556 1259 1621 latrocinio
1273 1557 1348 1620 belli

246 1669 357 1735 molem
380 1668 594 1746 audiebamus,
618 1667 692 1731 licet
712 1667 752 1729 de
778 1669 862 1730 exitu
882 1666 1061 1730 fideremus:
1096 1684 1166 1729 narn
1186 1673 1217 1730 et
1237 1685 1350 1731 acces-

248 1784 333 1842 serat
356 1777 497 1842 diuturna
524 1776 651 1856 sceleris
676 1777 855 1857 impunitas,
886 1794 964 1857 quiae
987 1776 1220 1857 desperatorum
1244 1774 1348 1839 bomi-

181 1956 183 1980 Ι
246 1905 316 1952 num
339 1887 460 1951 inflarat
483 1887 654 1965 audaciam,
674 1893 708 1949 ut
731 1887 812 1949 illam
831 1886 1058 1949 inclementiam
1081 1884 1175 1955 maris
1195 1903 1274 1967 quae
1292 1886 1346 1948 vi-

248 1997 376 2062 ctoriam
400 2002 536 2065 nostram
559 1996 644 2066 latali
670 1996 800 2078 quadam
821 1996 1007 2066 necessitate
1030 1995 1198 2074 distulerat,
1220 2013 1276 2077 pro
1298 1997 1348 2059 sui

246 2113 366 2173 terrore
386 2107 554 2187 iactarcnt,
575 2125 634 2170 nec
655 2106 785 2171 consilio
811 2107 1014 2170 intermissum
1037 2123 1106 2170 esse
1135 2105 1264 2185 bellurn,
1288 2106 1346 2170 sed

247 2218 462 2300 desperatione
485 2218 631 2282 omissum
654 2210 828 2296 crederent,
852 2216 931 2280 adeo
952 2221 986 2279 ut
1004 2217 1063 2279 iam
1081 2215 1251 2279 communis
1267 2233 1346 2297 poe-

246 2347 306 2393 nae
320 2329 429 2393 timore
442 2328 581 2409 deposito
597 2328 812 2410 archipiratam
826 2328 1029 2403 [Carausium]
1044 2326 1166 2389 satelles
1180 2324 1344 2407 [Allectus]

248 2437 408 2502 occideret
430 2443 460 2502 ct
483 2437 557 2500 illud
576 2442 839 2500 auctoramentum
855 2437 929 2499 tanti
952 2436 1139 2500 discriminis
1152 2442 1272 2516 putaret
1287 2436 1345 2499 irn-

245 2549 392 2632 periure.
439 2548 521 2612 ldcm
546 2549 577 2610 in
602 2565 749 2629 panegyr.
770 2547 969 2610 Constantino
985 2547 1014 2608 d.
1028 2565 1094 2629 cap.
1107 2548 1137 2609 5.
1152 2548 1229 2626 ,Qui
1248 2547 1346 2624 [Gon-

167 2732 170 2737 ,
246 2659 401 2740 stantius]‚
418 2657 554 2721 adscitus
566 2656 706 2738 imperio,
718 2657 816 2738 primo
833 2656 966 2721 adventu
986 2674 1043 2719 suo
1060 2655 1272 2720 innumerabili
1286 2656 1347 2721 bo-

245 2769 336 2833 stium
362 2766 462 2830 classe
494 2767 663 2831 ferventem
688 2765 819 2828 exclusit
839 2783 989 2829 oceanum
1011 2767 1240 2846 exercitumque
1261 2765 1346 2829 illum

247 2879 299 2960 qui
322 2876 528 2941 Bononiensis
554 2876 657 2958 oppidi
678 2875 748 2939 litus
770 2875 946 2956 insederat,
969 2881 1051 2939 terra
1072 2876 1186 2956 pariter
1210 2896 1247 2939 ac
1267 2878 1345 2943 mari

243 2988 369 3069 saepsit,
392 3005 459 3050 cum
482 2987 662 3067 reciprocos
683 3003 790 3049 cursus
810 2985 891 3051 illius
915 2985 1055 3049 elementi
1078 2986 1165 3048 iactis
1187 2987 1266 3050 inter
1286 3004 1348 3051 un-

244 3097 300 3162 das
323 3095 412 3159 vallis
428 3096 613 3174 diremisset,
636 3101 668 3158 nt
689 3114 817 3177 quorum
839 3101 943 3178 portas
966 3095 1075 3158 ssuctus
1097 3094 1235 3175 allueret,
1249 3116 1346 3188 ‚mare

243 3213 274 3271 et
298 3205 380 3288 quod
400 3210 581 3288 tangerent,
604 3204 821 3286 perdidissent.
866 3205 923 3278 Qui
946 3204 1055 3268 eodem
1075 3205 1212 3267 exercitu
1233 3205 1347 3270 virtute

244 3321 346 3398 capto,
372 3312 534 3377 clementia
560 3320 763 3392 conservato,
788 3314 859 3377 dum
881 3313 1081 3377 aedificandis
1105 3312 1254 3377 classibus
1274 3314 1347 3378 Bri-

244 3426 367 3490 tanniae
396 3424 591 3504 recuperatio
622 3428 829 3504 comparatur,
858 3428 969 3487 terram
989 3423 1160 3503 Bataviam,
1190 3422 1247 3486 sub
1276 3423 1344 3504 ipso
1409 3498 1411 3517 Ι

243 3736 389 3805 perniciem
399 3751 477 3803 quam
493 3738 519 3788 in
531 3743 684 3804 provectum
701 3737 739 3788 rei
757 3752 781 3804 p.
794 3744 895 3807 ageret,
906 3743 1022 3805 ereptam
1034 3735 1210 3803 praedonibus
1220 3735 1345 3803 praedam

243 3832 318 3887 nulla
339 3848 371 3884 ex
391 3841 466 3900 parta
485 3832 650 3887 restituendo
672 3833 796 3897 dominis,
817 3834 864 3887 scd
880 3834 930 3886 sibi
950 3834 1001 3885 soli
1019 3832 1193 3898 uindicaad03
1213 3833 1345 3887 accedens

243 3931 432 3997 suspicionem,
454 3931 515 3998 quia
537 3933 609 3997 ipsos
628 3945 735 3999 qnoque
753 3931 844 3982 hostes
863 3930 896 3981 ad
914 3930 1085 3982 incursandos
1100 3929 1165 3982 linas
1183 3930 1279 3981 artifici
1292 3946 1345 3983 na.
1409 3986 1412 3999 ¹

245 4026 377 4096 pligcntia
395 4029 569 4094 permitteret.
596 4043 673 4097 quarn
692 4027 725 4078 ob
744 4042 799 4079 rem
820 4040 835 4077 a
855 4026 1012 4079 blarimiano
1031 4029 1117 4081 iussus
1135 4026 1221 4078 occidi
1240 4041 1344 4094 pnrpu-
1409 4058 1412 4065 ·

246 4138 300 4177 nm
320 4125 431 4191 sumpsit
448 4139 480 4177 ac
499 4125 647 4177 britannias
666 4125 823 4192 occupavit3
842 4123 936 4191 quibus
955 4123 1005 4175 sibi
1023 4139 1071 4191 per
1082 4121 1129 4174 vll
1147 4114 1231 4175 annos
1248 4123 1344 4176 tortis·

246 4224 313 4275 sirus
334 4221 473 4273 vindicatis
499 4237 529 4274 sc
555 4223 665 4275 retentis
691 4221 796 4274 audem
821 4219 912 4272 fraude
930 4219 1065 4273 Allectl..
1081 4228 1103 4270 .“
1124 4226 1151 4271 ct
1170 4220 1291 4289 reliqna,
1315 4227 1345 4272 ut
1408 4228 1412 4237 “

246 4317 316 4385 apat
336 4317 466 4370 orosium.

461 4530 541 4538 ,ζα-ι...
553 4531 682 4538 ...d-d>-
689 4532 698 4536 .-
724 4528 1044 4537 --„<-..—.--——-.--—-—
1052 4526 1363 4537 wm-
